2724 4950
653 270 696 335 35

155 470 157 475 ’
218 464 299 530 Cum
321 464 566 550 Antigonus-in
588 467 713 550 proelio
736 467 776 530 ad
791 466 902 551 Ipsum
924 468 1094 533 commisso
1117 468 1217 533 ritem

134 582 340 666 perdidisset,
364 591 501 666 regnum
523 583 608 647 inter
631 603 733 667 reges,
758 583 815 666 qui
837 604 911 647 eum
932 585 1088 662 vicerant,
1104 584 1220 650 <distri-

130 689 248 761 butum
271 701 320 762 est
334 696 358 781 ¹)
380 701 477 781 atque
494 696 710 782 Lysimachus
731 718 803 761 cum
826 699 1030 764 meridionali
1053 720 1110 765 ora
1123 698 1220 764 Asiae

132 813 217 877 citra
240 811 383 876 Taurum
406 811 541 897 Lydiam
557 811 582 897 2)
612 816 709 896 atque
742 814 787 878 sic
810 815 908 878 etiam
931 812 1104 898 Smyrnam
1132 836 1222 881 acce·

133 929 221 1012 pisse
244 929 371 993 videtur
384 925 420 1012 ³).
466 927 529 993 Sed
552 929 705 1012 quoniam
726 929 920 1007 Demetrius,
944 929 1105 1016 Antigoni
1126 931 1221 1009 filius,

134 1043 237 1108 classe
259 1065 346 1107 mare
369 1044 406 1107 in
429 1043 553 1108 ditione
574 1043 708 1109 tenebat
722 1043 760 1129 4),
783 1045 957 1110 verisimile
980 1067 1047 1110 non
1069 1049 1136 1126 est,
1159 1046 1224 1132 Ly-

135 1159 317 1224 simachum
348 1158 447 1224 urbes
482 1159 661 1223 maritimas
691 1160 800 1224 statim
830 1163 905 1245 post
935 1162 1095 1245 Antigoni
1129 1162 1223 1247 regni

137 1274 401 1340 distributionem
424 1296 581 1359 occupare
592 1275 746 1359 potuisse,
769 1276 802 1340 id
825 1276 911 1360 quod
933 1277 972 1341 de
985 1275 1115 1362 Epheso
1138 1279 1226 1343 certo

133 1393 266 1456 constat
280 1390 315 1476 5).
372 1390 443 1456 Hac
475 1392 561 1455 enim
583 1411 611 1454 a.
636 1391 699 1456 295
732 1392 862 1456 demum
884 1390 1094 1476 Lysimachus
1125 1393 1226 1477 potiri

137 1509 266 1594 potuit,
290 1529 354 1591 quo
375 1509 522 1593 tempore
544 1507 730 1573 Demetrius
751 1508 793 1573 ad
814 1507 1076 1593 Peloponnesum
1098 1529 1131 1573 se
1150 1529 1227 1573 con·

214 1626 220 1638 ·
252 1623 264 1662 s

136 1626 401 1795 vertltSitiyrnam
423 1715 531 1776 autem
566 1732 633 1775 non
666 1710 778 1809 statim
810 1713 884 1795 post
905 1709 1066 1796 Antigoni
1089 1716 1227 1779 mortem

136 1828 175 1895 in
210 1827 365 1892 ditionem
386 1825 574 1910 Lysimachi
603 1827 726 1892 venisse
759 1826 834 1900 inde
865 1827 1019 1912 colligere
1048 1851 1227 1914 possumus,

144 1943 232 2026 quod
255 1940 424 2030 Smyrnaei
445 1942 479 2006 in
502 1942 599 2020 bello,
622 1942 707 2025 quod
728 1939 920 2027 Colophonii
948 1946 1062 2010 contra
1083 1943 1230 2028 Lysima-

139 2056 237 2122 chum
258 2060 444 2143 gesserunt,
468 2057 520 2123 his
542 2057 868 2132 auxiliumtulerunt
883 2057 918 2143 ⁷).
995 2118 997 2121 ,

231 2171 298 2237 Sub
321 2171 507 2256 Lysimachi
538 2173 675 2259 imperio
699 2193 807 2239 omncs
836 2194 919 2262 quae
942 2176 1036 2241 erant
1057 2174 1155 2241 Asiae
1176 2199 1231 2242 ur·

141 2288 200 2353 bes
221 2287 405 2354 libertatem
433 2288 575 2353 amisisse
603 2289 770 2364 videntum
802 2289 934 2354 urbium
963 2290 1051 2355 enim
1078 2292 1229 2358 instituta

140 2408 176 2470 ct
197 2405 284 2490 leges
313 2408 384 2469 tum
404 2407 603 2470 commutare
634 2404 760 2468 solebat
783 2405 856 2483 ille,
889 2408 926 2470 ut
955 2428 1040 2471 nova
1062 2407 1230 2472 ciuitatum

141 2520 247 2584 forma
269 2520 419 2584 instituta
442 2541 480 2584 eo
502 2519 621 2584 certius
650 2519 722 2583 illas
746 2519 925 2603 possideret
941 2519 975 2606 ⁸).
1032 2520 1085 2590 Sic
1107 2523 1230 2609 Ephesi

145 2637 303 2722 populari
321 2636 456 2721 imperio
487 2636 647 2720 dirempto
669 2637 818 2729 senatum
847 2657 884 2705 ac
906 2637 1047 2722 triginta
1069 2639 1231 2724 epicletas‚

142 2753 200 2836 qui
215 2751 482 2829 nominabantur,
503 2751 646 2815 instituit
661 2749 695 2835 ⁹).
741 2749 845 2825 Quam
867 2751 911 2816 ob
933 2774 1002 2816 rem
1024 2754 1147 2819 similes
1163 2776 1232 2818 mu-

218 2970 244 3038 1)
262 2970 296 3024 cl.
316 2969 453 3024 Plutarch.
472 2970 593 3028 Demetr.
613 2987 637 3024 c.
656 2973 701 3026 29.
719 2973 765 3025 30.

217 3069 245 3138 2)
263 3069 297 3124 cf.
317 3071 440 3139 Droysen
458 3068 618 3124 Diadochen
637 3070 664 3134 1,
682 3088 711 3140 p.
731 3072 793 3124 548.
828 3107 830 3111 -

216 3172 243 3240 3)
263 3171 406 3238 Quomodo
424 3170 569 3241 imperium
587 3170 719 3241 Antigoni
736 3171 808 3225 inter
825 3169 968 3226 Seleucum
995 3177 1023 3227 et
1040 3171 1234 3243 Lysimachum

142 3274 318 3343 dispertitum
335 3274 389 3338 sit,
413 3272 466 3327 hac
485 3272 519 3327 de
536 3291 567 3327 re
584 3273 703 3327 maxime
720 3273 864 3329 dubitatur
881 3267 917 3328 cl.
935 3275 1058 3346 Droyscn
1076 3276 1234 3334 Diadochcn

141 3374 170 3438 1,
189 3392 218 3443 p.
237 3373 291 3428 545
310 3391 350 3442 sq.
368 3377 397 3428 et
414 3374 531 3442 Appian.
545 3373 655 3442 Syriaca
673 3373 725 3428 bb.v
1041 3369 1042 3372 ’

216 3471 245 3540 4)
263 3474 385 3542 Droysen
403 3473 428 3542 l,
447 3475 520 3542 cap.
540 3472 602 3525 555.
911 3508 913 3511 -

217 3573 244 3644 5)
264 3573 298 3627 cf.
318 3573 442 3642 Droysen
460 3571 621 3626 Diadochen
638 3572 667 3643 1,
686 3590 714 3642 p.
734 3574 796 3627 554.
816 3572 887 3627 adn.
905 3572 928 3627 1.

216 3672 244 3741 6)
263 3673 298 3728 of.
314 3673 353 3727 id.
372 3674 392 3727 l.
411 3690 436 3727 c.
454 3673 621 3741 pub-‘llaec

217 3775 244 3843 7)
265 3772 344 3826 Paua.
370 3772 430 3829 Vll.
447 3773 480 3837 3,
502 3777 526 3826 l.
554 3772 763 3842 Smyrnaeorum
796 3789 828 3828 ac
853 3771 1084 3842 Colophoniorum
1107 3776 1161 3840 eia,
1191 3777 1237 3847 qni

142 3873 196 3927 hac
219 3872 249 3926 in
275 3890 369 3942 pugna
392 3872 562 3942 ceciderunt,
587 3876 796 3926 monumentum
813 3873 843 3926 in
867 3873 977 3928 sinistro
996 3874 1082 3927 latere
1101 3875 1160 3929 viae
1178 3876 1237 3944 ejus

142 3977 311 4028 exstructum
330 3976 383 4041 cst,
399 3989 468 4041 quae
487 3972 523 4026 ad
542 3971 652 4026 Clarum
668 3972 797 4028 ducebat

143 4085 146 4091 '
216 4072 245 4141 8)
263 4073 298 4127 cs.
317 4074 438 4142 Droysen
456 4072 589 4130 Diadoch·
607 4072 635 4136 1,
653 4090 682 4142 p.
697 4077 764 4128 609.

215 4174 245 4242 ,9)
264 4172 301 4230 cf.
318 4173 410 4230 Strab.
428 4173 507 4243 XIV,
525 4191 553 4243 p.
572 4175 634 4227 640.
