2724 4950
607 313 659 380 §tl

184 480 248 549 Sed
269 503 342 548 cum
364 482 537 568 scriptores
551 482 597 564 ei,
626 483 682 567 qui
703 483 816 568 magni
836 483 922 547 illius
943 483 1031 569 regis
1051 505 1103 549 res
1125 504 1182 569 ge·

94 602 163 664 stas
184 601 421 676 tractaverunt,
446 599 578 662 omnino
600 597 685 662 nihil
707 598 745 663 de
767 598 1001 665 instauratione
1024 597 1180 683 Smyrnae

95 715 139 780 ab
168 713 354 779 Alexandro
394 714 481 778 faeta
514 715 671 791 dixerint,
708 714 888 779 Pausaniae
917 717 1015 797 atque
1047 713 1182 780 Aristidi

94 830 194 896 fidem
216 852 281 896 non
302 828 482 893 habendam
504 850 573 894 esse
594 850 723 907 seuseu,
756 850 830 893 cum
854 830 1027 913 scriptores
1048 829 1122 895 illos
1143 830 1181 895 de

95 947 159 1011 hac
181 968 216 1011 re
239 947 317 1011 satis
339 947 430 1029 gravi
442 945 467 1030 ¹)
501 945 584 1010 nihil
607 946 766 1011 relaturos
787 946 886 1011 fuisse
908 968 975 1010 non
999 948 1125 1030 putem,
1155 945 1183 1012 si

95 1062 176 1147 quid
206 1061 244 1127 de
271 1081 310 1126 ea
340 1063 541 1145 compertum
568 1060 771 1126 habuissent:
808 1063 918 1146 itaque
952 1082 1035 1144 quae
1065 1059 1183 1127 Strabo

95 1178 181 1244 dixit
202 1180 288 1242 recte
310 1198 377 1242 sese
401 1176 520 1242 habere
544 1198 668 1242 censeo.

184 1294 361 1360 Pausaniae
388 1296 497 1360 autem
518 1293 644 1359 fabulae
673 1317 712 1361 eo
739 1296 846 1360 minus
873 1294 1050 1379 quidquam
1080 1294 1183 1359 tribu·

94 1410 341 1489 credebamus,
373 1411 459 1495 quod
486 1413 620 1496 propter
647 1411 909 1495 superstitionem
936 1412 1063 1494 saepius
1086 1409 1183 1488 nimis

94 1526 265 1592 credulum
286 1548 320 1590 se
333 1526 528 1612 praebuerit,
550 1547 648 1609 quam
668 1526 710 1590 ob
732 1548 801 1591 rem
822 1526 858 1590 in
879 1525 1065 1610 hujusmodi
1086 1546 1184 1609 quae·

94 1647 258 1712 stionibus
282 1646 388 1710 cautio
410 1647 460 1709 eet
480 1643 663 1708 adhibenda
676 1641 711 1728 ²).

185 1759 277 1836 Quod
299 1780 374 1825 vero
396 1760 436 1824 ad
459 1757 633 1823 Aristidem
665 1759 800 1836 attinet,
834 1757 907 1841 quis
933 1760 999 1835 est,
1032 1757 1112 1841 quin
1134 1757 1184 1822 vi·

93 1879 180 1955 deat,
203 1875 288 1941 hanc
313 1876 356 1940 ob
379 1896 507 1940 causam
528 1875 568 1939 ab
592 1897 639 1952 eo,
663 1896 738 1938 cum
753 1873 898 1938 fabulam
919 1877 990 1938 tum
1012 1876 1047 1940 iu
1070 1874 1183 1959 populi

94 2016 153 2059 ore
175 1993 399 2078 pervulgatam
413 1994 610 2076 sequeretur,
633 1990 854 2056 Alexandrum
874 1991 965 2056 urbis
983 1983 1183 2056 conditorem

94 2110 300 2174 nominatum
323 2131 406 2186 esse,
436 2110 473 2172 ut
500 2108 613 2172 urbem
641 2107 821 2172 celebraret
848 2107 1034 2191 populoque
1056 2105 1184 2171 blandi·

97 2227 209 2291 retur?
252 2226 362 2308 Atque
386 2246 423 2288 eo
446 2224 581 2287 minoris
603 2223 759 2286 momenti
783 2221 1003 2285 testimonium
1032 2221 1100 2305 ejus
1123 2224 1181 2298 est,

97 2341 184 2427 quod
205 2341 240 2404 in
262 2341 380 2419 literis,
414 2360 493 2423 quas
515 2339 555 2403 ad
578 2336 722 2402 Marcum
746 2337 931 2416 Aurelium,
966 2335 1180 2414 Antoninum,

96 2458 133 2523 L.
158 2457 327 2523 Aurelium
346 2455 556 2521 Commodum
577 2455 790 2539 imperatores
811 2453 908 2529 dedit,
931 2452 972 2517 ab
994 2452 1035 2516 iis
1058 2455 1181 2537 petens,

96 2578 135 2639 ut
157 2573 326 2657 Smyrnam
347 2576 452 2638 terrae
475 2585 565 2637 motu
587 2574 745 2637 vastatam
768 2571 1004 2648 restaurarent,
1030 2567 1184 2653 ,Lysima-

96 2690 197 2756 chum
217 2691 288 2776 ipse
310 2690 398 2754 inter
420 2688 603 2753 conditores
624 2686 716 2752 urbis
737 2686 885 2750 nominat
897 2683 932 2770 ³).

116 2817 119 2821 '
184 2805 232 2871 At
259 2807 408 2872 videntur
436 2803 688 2890 Smyrnaeorum
725 2803 850 2868 nummi
882 2801 1059 2867 Pausaniae
1091 2801 1183 2866 testi·

96 2923 242 2988 monium
264 2922 465 2986 confirmare.
510 2919 572 2985 Sed
593 2942 666 2985 cum
681 2920 762 2984 aliae
779 2940 908 3003 quoque
921 2920 1016 2983 urbes
1038 2918 1074 2981 in
1088 2939 1182 2982 num·

96 3041 159 3104 mis
181 3040 248 3104 suis
269 3039 486 3104 Alexandrum
508 3039 673 3101 auctorem
702 3058 796 3100 suum
817 3033 1059 3098 nominaverint
1073 3031 1116 3116 ⁴),
1139 3032 1181 3096 ab

172 3322 199 3392 1)
217 3321 294 3376 Idem
310 3322 369 3391 jam
387 3318 538 3375 Palmerius
555 3317 704 3379 intellexit,
729 3332 793 3370 cum
811 3315 830 3368 l.
847 3332 871 3370 c.
890 3313 970 3368 dicit:
996 3312 1074 3368 »Non
1092 3310 1182 3378 minus

96 3423 197 3479 mirum
215 3426 274 3492 est,
296 3421 457 3490 Arrianum,
481 3418 582 3488 quide
601 3415 747 3472 Alexandri
765 3414 850 3485 gestis
867 3413 989 3482 scripsit,
1008 3411 1077 3465 nihil
1096 3410 1131 3465 de
1149 3428 1181 3464 ea

96 3524 227 3593 Smyrnae
254 3521 452 3577 instauratione
478 3518 593 3574 dixisse·
623 3517 658 3573 cf.
681 3514 925 3572 Racul·Rochette
950 3513 1014 3569 hist.
1038 3512 1067 3568 d.
1093 3513 1181 3568 colon.

96 3641 190 3695 grecq.
208 3624 260 3687 lv,
280 3638 308 3692 p.
326 3623 386 3676 121.

169 3723 198 3793 2)
217 3723 253 3779 cl.
269 3723 376 3793 Ktnig‚
394 3721 430 3776 dc
446 3721 527 3776 Paus.
544 3717 599 3774 fide
617 3722 645 3773 et
663 3717 834 3773 auctoritate.
860 3716 952 3770 Berol.
970 3717 1047 3770 1832.
1149 3727 1152 3732 ·

170 3823 200 3893 Β)
216 3824 238 3888 I,
257 3841 285 3895 p.
302 3824 369 3878 763:
389 3820 433 3884 Μὴ
445 3821 501 3892 γάρ
519 3838 571 3889 μοι
587 3819 747 3888 Λυσίμαχον
764 3818 807 3876 ἔτι,
826 3815 895 3885 μηδὲ
910 3814 1082 3884 Ἀλέξανδρον
1100 3814 1182 3868 αὸτόν
1234 3811 1237 3813 Α

94 3924 165 3996 μηδὲ
183 3925 269 3989 Θησέα
287 3922 334 3976 καὶ
350 3923 466 3995 μύθους,
485 3917 540 3973 otu·
559 3917 638 3988 ὑμεῖς
655 3917 765 3970 οἰκισταὶ
781 3916 822 3982 τῆς
837 3915 940 3976 πόλεως
956 3917 1073 3984 γένεσθε.

170 4025 198 4095 4)
218 4024 263 4081 Sic
284 4021 474 4096 Apolloniatae
498 4018 561 4076 Ocri
585 4017 720 4087 originem
744 4015 820 4071 urbis
847 4032 912 4070 suae
938 4015 974 4070 ad
997 4014 1182 4071 Alexandrum

95 4124 272 4190 referebant,
291 4142 353 4180 cum
373 4126 456 4192 eaput
474 4120 533 4192 ejus
551 4118 690 4175 videamus
708 4117 738 4172 iu
755 4116 874 4172 nummis
891 4116 963 4173 illius
981 4117 1056 4172 urbia
1074 4130 1181 4187 reprae-

93 4231 231 4280 sentatum
250 4226 294 4281 cui
309 4224 475 4292 adscriptum
495 4226 549 4275 cst:
571 4220 671 4276 aaut.
681 4220 763 4271 KrC.
776 4220 1000 4272 ΑΠοΜΩΝΙΑ.
1013 4217 1048 4274 ci.
1059 4218 1183 4287 lliomiet
