2724 4950
659 289 704 390 'ar

136 525 208 569 cum
240 501 460 566 Aristomenes
491 500 619 564 illorum
654 499 800 583 exemplo
835 497 1065 562 Messeniorum
1099 498 1221 562 animas

136 616 307 682 incendere
329 616 488 691 studeret;
511 616 620 699 itaque
643 614 880 699 expeditionem
903 616 1016 679 contra
1030 613 1221 697 Smyrnaeus

136 733 221 813 circa
253 753 376 795 annum
399 733 462 796 688
492 731 611 796 factam
635 752 718 807 esse;
748 730 802 795 sed
833 730 928 815 plane
951 729 1153 795 obliviscitur
1175 726 1222 794 vir

134 846 190 912 ille
212 847 334 923 doctus,
358 845 435 911 belli
458 844 610 909 Messenii
630 846 762 911 secundi
785 848 892 910 aetate
914 843 1096 929 τολμήματα
1118 845 1221 927 Σμυρ-

135 965 237 1024 ναίων
264 963 332 1047 jam
355 961 518 1048 proverbii
549 961 655 1025 locum
679 961 855 1026 obtinuisse
885 962 983 1045 atque
1006 960 1077 1025 ideo
1109 961 1214 1023 aetate

134 1079 238 1144 multo
262 1076 444 1160 antiquiore
467 1074 609 1139 accidere
632 1075 784 1159 potuisse.

221 1193 300 1259 Post
321 1192 401 1257 illud
424 1192 583 1276 proelium
606 1189 801 1275 Smyrnaeos
822 1193 921 1274 atque
943 1191 1045 1256 victos
1061 1189 1222 1276 Colopho

135 1311 207 1375 nios
236 1311 271 1373 in
301 1308 441 1394 gratiam
463 1329 536 1371 oum
558 1305 655 1390 Lydis
678 1307 827 1384 rediisse,
860 1307 981 1371 Lanius
995 1306 1018 1393 ¹)
1053 1330 1223 1393 perperam

135 1424 318 1502 contendit,
350 1446 423 1488 cum
447 1445 515 1501 eos,
546 1423 601 1506 qui
624 1419 749 1507 Gygem
772 1424 873 1487 secuti
897 1426 989 1501 sunt,
1019 1423 1092 1486 illas
1115 1423 1224 1487 incur·

135 1540 241 1606 siones
268 1561 334 1603 non
366 1538 578 1603 intermisisse
607 1537 771 1602 videamus
786 1539 822 1622 Ι).
879 1536 932 1603 Sic
964 1537 1090 1622 Ardys,
1121 1536 1224 1623 Gygis

135 1655 236 1734 filius,
260 1654 399 1720 Prienen
422 1654 622 1739 expugnavit
643 1653 819 1738 Milethue
843 1653 964 1718 bellum
986 1654 1112 1732 intulit,
1142 1655 1225 1719 item

134 1769 321 1854 Sadyattes‚
345 1769 465 1854 Ardyis
486 1770 589 1846 filius,
619 1772 652 1834 et
673 1768 825 1853 Alyattes
847 1769 946 1848 idem,
971 1771 1027 1853 qui
1050 1769 1226 1853 Smyrnam

134 1886 342 1971 expugnavit,
366 1885 487 1949 bellum
504 1885 645 1969 patrium
664 1889 778 1949 contra
790 1883 931 1950 Milesios
954 1886 1113 1971 persecuti
1136 1889 1227 1951 sunt.

135 1998 224 2077 Quae
246 1999 467 2085 expeditiones
488 2022 599 2064 omnes
620 2023 686 2065 non
710 1989 916 2078 accidissent,
939 2002 966 2065 si
989 2000 1159 2084 Smyrnaei
1184 2022 1225 2067 ac

134 2117 234 2183 ceteri
256 2117 351 2181 Iones
381 2138 416 2180 re
449 2138 524 2180 vera
555 2137 627 2180 cum
649 2114 749 2199 Lydis
777 2117 953 2180 amicitiam
984 2117 1225 2182 conciliassent.

134 2232 249 2318 Neque
271 2232 453 2297 mirandum
476 2235 533 2310 est,
558 2233 644 2316 qnod
660 2232 744 2316 Lydi
767 2233 988 2319 expeditiones
1010 2233 1083 2298 illas
1106 2236 1225 2299 contra

133 2348 228 2413 lones
242 2348 452 2432 susceperint,
470 2368 541 2411 cum
552 2346 670 2412 horum
684 2347 764 2412 fines
779 2349 959 2432 antiquitus
975 2349 1072 2433 Lydii
1082 2350 1224 2430 fuerint3

133 2484 209 2527 nam
217 2462 311 2527 modo
320 2461 445 2542 Priene,
461 2460 565 2546 Myus‚
577 2461 708 2527 Miletus
722 2463 757 2527 in
768 2462 884 2528 Carum
893 2466 979 2528 terra
989 2465 1068 2528 sitae
1080 2467 1174 2528 erant
1200 2466 1223 2550 ).

133 2577 268 2643 Accedit
290 2578 377 2663 quod
400 2577 483 2661 Lydi
510 2600 566 2662 per
589 2578 684 2642 lones
715 2601 734 2643 a
763 2581 955 2645 commercio
978 2580 1142 2646 maritimo
1173 2604 1223 2647 se·

133 2693 213 2757 clusi
229 2695 331 2771 erant,
348 2714 420 2757 oum
433 2693 482 2757 illi
494 2690 671 2777 Lydiorum
684 2694 854 2759 fluminum
865 2695 947 2759 ostia
963 2698 1174 2781 occupassent
1185 2696 1223 2783 ⁴).

220 2837 313 2913 Quod
341 2837 477 2922 deniqne
499 2836 621 2902 Lanius
644 2839 863 2923 conjecturam
886 2861 992 2917 suam,
1024 2838 1222 2925 Smyrnaeos

134 2953 194 3019 hac
216 2956 321 3019 aetate
343 2975 416 3018 cum
438 2952 537 3038 Lydis
559 2953 780 3019 familiaritate
803 2955 993 3040 conjunctos
1016 2977 1097 3035 esse,
1122 2956 1224 3024 Nico·

134 3070 178 3134 lai
192 3069 385 3135 Damasceni
400 3068 425 3153 5)
448 3069 634 3134 narratione
655 3068 768 3134 fulcire
786 3070 903 3147 studet,
927 3072 1102 3136 secundum
1125 3095 1223 3162 quem

134 3185 313 3269 rhapsodus
345 3183 555 3267 Smyrnaeus,
593 3185 646 3248 cui
676 3181 812 3269 Magnes
844 3207 963 3250 nomen
996 3190 1083 3265 erat,
1117 3187 1224 3276 Gygis

134 3301 219 3383 regis
240 3297 409 3363 familiaris
430 3297 491 3362 luit
511 3301 609 3382 atque
623 3297 785 3384 Lydorum
803 3301 980 3365 certamina
994 3306 1108 3367 contra
1123 3303 1226 3372 Ama·

134 3437 230 3481 zonas
253 3417 439 3499 perpetrata
452 3415 641 3480 celebrarit:
674 3416 843 3495 nescimus,
867 3439 931 3504 quo
954 3420 1098 3502 tempore
1121 3421 1155 3487 id
1175 3421 1226 3486 fa-

136 3533 224 3596 ctum
248 3532 300 3609 sit,
324 3532 433 3593 utrum
455 3533 531 3595 ante
546 3529 649 3616 Gygis
671 3547 814 3617 pugnam
836 3555 910 3598 cum
923 3532 1112 3620 Smyrnaeis
1135 3559 1225 3603 com-

207 3726 233 3795 1)
251 3743 279 3795 p.
299 3726 342 3778 ao.

208 3825 233 3897 2)
252 3825 354 3881 Herod.
374 3824 401 3895 1,
419 3827 461 3880 17.

207 3930 236 3992 3)
255 3926 290 3981 cf.
308 3924 409 3980 Herod.
428 3925 456 3995 1,
477 3925 537 3979 142.
1009 3956 1013 3965 .
1076 3961 1080 3967 .

207 4027 236 4097 4)
256 4028 290 4082 cf.
311 4027 426 4094 Curtius,
446 4027 494 4082 Gr.
513 4025 611 4082 Geech.
630 4027 651 4090 Ι,
670 4043 699 4095 p.
711 4027 774 4081 467.
790 4026 922 4081 Duncker
940 4026 1038 4083 Geseh.
1056 4029 1084 4084 d.
1103 4030 1225 4090 Aluan.

135 4129 170 4193 ΙΙ,
189 4147 215 4198 p.
234 4131 287 4182 515
306 4145 346 4196 sq.

206 4233 235 4300 5)
253 4229 288 4286 cf.
306 4228 420 4292 Miiller,
436 4225 534 4296 fragm.
552 4225 616 4280 hist.
635 4241 726 4296 graec.
745 4224 802 4292 111,
819 4242 848 4295 p.
868 4227 934 4281 8⁷6.
