2724 4950
653 278 711 342 (ΒΕ)

134 444 270 511 tributa
292 449 470 532 pensitasse
487 448 525 530 ¹),
548 464 622 514 oum
650 471 726 515 vero
742 447 877 513 Croesus
893 469 912 512 a
926 447 1010 532 Cyro
1025 448 1129 514 uictus
1146 449 1230 511 esset

144 561 318 626 Persarum
348 586 414 627 una
444 585 516 628 eum
547 564 662 629 ceteris
683 561 780 627 Asiae
804 562 936 627 Graecis
951 563 978 648 ²)
997 562 1229 647 stipendiarios

130 675 250 742 ⁴factos
273 698 351 742 esse.
396 677 444 742 Ae
467 679 599 745 omnino
621 679 742 744 nullius
759 680 914 744 momenti
931 677 1074 763 Smyrna
1084 680 1154 742 tum
1179 677 1230 740 fu·

142 792 221 867 isse,
254 793 328 856 inde
351 792 512 871 videmus,
539 793 625 877 quod
648 795 735 858 inter
764 793 875 871 urbes,
905 816 986 881 quae
1017 793 1231 858 aPersarum

142 907 366 972 dominatione
389 929 422 972 se
454 908 680 986 liberaverint,
716 931 782 972 non
812 910 1098 985 commemoratur,
1128 929 1226 991 quam

142 1022 186 1086 ob
209 1044 274 1087 rem
299 1044 340 1087 ne
362 1023 501 1089 discerni
535 1023 664 1106 quidem
688 1025 812 1106 potest,
846 1045 925 1087 num
948 1023 1114 1088 seditionis
1136 1023 1224 1088 illius

143 1138 308 1223 particeps
347 1139 456 1204 fuerit.
513 1139 606 1204 Unde
648 1139 749 1224 igitur
772 1140 996 1236 'Dunckerius
1009 1137 1034 1223 3)
1071 1138 1224 1215 hauserit,

142 1275 245 1338 aeque
276 1275 313 1319 ae
339 1257 465 1320 ceteros
487 1255 582 1320 Iones
605 1253 798 1340 Smyrnaeos
827 1277 955 1344 quoque
985 1277 1024 1320 eo
1052 1276 1229 1340 propensos

142 1369 260 1447 fuisse,
291 1375 329 1433 ut
356 1371 523 1436 seditionis
556 1392 686 1435 causam
715 1372 918 1450 desererent,
951 1370 1131 1453 intelligere
1162 1392 1229 1441 non

142 1506 323 1571 possumus.

232 1599 347 1685 Neque
370 1603 445 1686 post
460 1599 630 1672 Persarum
653 1601 776 1666 bellum
790 1599 946 1686 Smyrnae
968 1601 1144 1665 auotoritas
1161 1622 1230 1666 cre·

141 1717 227 1781 visse
248 1716 390 1792 ridetur3
418 1716 550 1780 eandem
573 1737 649 1780 vero
672 1715 838 1781 fortunam
861 1716 963 1780 subiit
984 1719 1082 1799 atque
1105 1717 1228 1785 ceterae

141 1833 304 1897 urbes-
327 1832 354 1896 si
377 1832 434 1895 illa
466 1834 571 1896 aetate
594 1830 734 1916 Smyrna
761 1831 839 1896 urbs
860 1832 1023 1896 nominari
1045 1834 1162 1916 potest,
1185 1869 1228 1879 —

144 1969 228 2031 quae
251 1949 382 2012 nomine
406 1948 536 2031 quidem
559 1949 717 2013 sociorum
739 1948 941 2025 fruebantur,
964 1970 998 2013 re
1020 1970 1094 2013 uera
1117 1950 1226 2012 autem

141 2063 307 2146 subjectae
332 2063 479 2147 erant4);
509 2086 628 2128 nomen
649 2086 725 2130 vero
750 2063 905 2148 Smyrnae
928 2063 978 2129 his
1001 2064 1129 2147 quidem
1148 2066 1230 2128 tem·

143 2179 279 2265 poribus
300 2200 366 2243 non
389 2180 592 2244 nominatum
616 2180 789 2263 invenitur.

231 2293 346 2358 Restat
368 2297 406 2358 ut
428 2316 531 2378 pauca
553 2295 706 2359 addamus
739 2296 777 2360 de
801 2293 893 2359 Groti
921 2293 1081 2358 sententia
1096 2290 1139 2376 ⁵),
1173 2292 1229 2375 qui

141 2431 183 2473 ex
202 2408 336 2473 Pindari
358 2409 541 2494 fragmento
567 2411 628 2475 115
652 2411 701 2475 ed.
747 2411 879 2474 Dissen:
902 2413 957 2471 καὶ
977 2409 1106 2493 λιπαρῷ
1121 2410 1227 2491 Σμυρ-

141 2525 224 2611 ναίῳ
254 2524 340 2586 ἄστει
370 2524 559 2588 concludere
594 2525 681 2602 vult,
721 2523 972 2609 Smyrnaeorum
1009 2523 1123 2588 urbem
1156 2525 1229 2607 post

140 2640 343 2707 eversionem
366 2661 425 2725 per
447 2638 555 2723 Lydos
586 2639 705 2704 laetam
728 2662 794 2704 non
815 2640 962 2705 desiisse:
995 2640 1028 2704 id
1052 2640 1138 2724 quod
1159 2639 1229 2704 sine

139 2777 240 2822 causa
272 2756 366 2835 fecit,
397 2777 471 2820 cum
505 2753 544 2820 ex
574 2778 640 2820 uno
671 2757 729 2821 illo
762 2757 944 2840 fragmento
975 2754 1059 2820 nihil
1093 2755 1132 2819 de
1165 2777 1229 2838 qua

139 2876 250 2938 aetate
273 2872 577 2937 Pindarnsdixerit
597 2873 782 2958 intelligere
804 2875 973 2958 possimus.

644 3240 714 3322 IV.

229 3438 404 3520 Postquam
428 3435 568 3519 Smyrna
592 3458 650 3520 per
671 3440 836 3502 trecentos
863 3429 965 3503 annos
995 3439 1029 3501 in
1052 3439 1139 3504 vicos
1162 3463 1228 3505 non

131 3558 283 3627 munitos
310 3553 464 3619 dissoluta
487 3551 560 3629 fuit,
584 3552 709 3617 incolae
730 3554 905 3618 secundum
928 3554 1008 3620 alios
1031 3556 1072 3620 ab
1087 3555 1229 3635 Alexan·

131 3701 426 3719 W

212 3768 240 3836 1)
259 3766 363 3820 Herod.
381 3766 409 3835 I,
429 3769 455 3820 6.
473 3768 501 3819 et
520 3767 565 3819 28.

211 3866 239 3936 2)
258 3867 294 3921 ef.
311 3866 396 3920 Thue.
415 3866 443 3936 1,
463 3866 507 3919 16.

212 3966 240 4035 3)
259 3966 358 4022 Gesch.
375 3966 403 4021 d.
422 3965 540 4024 Alterth.
560 3965 611 4036 lv,
630 3982 659 4035 p.
677 3967 739 4024 628.
785 4015 786 4020 ,
852 4028 854 4031 ,

211 4067 245 4136 4)
259 4067 295 4122 ef.
312 4067 425 4137 Miller,
445 4067 499 4120 hit.
519 4065 618 4121 nean.
637 4066 666 4136 1,
683 4084 710 4134 p.
731 4069 792 4122 204.
839 4120 842 4122 ,

210 4170 239 4239 ὅ)
258 4168 369 4236 History
387 4167 418 4220 of
433 4166 536 4221 Graece
551 4166 608 4238 ΙΙΙ,
627 4183 660 4234 ρ,
675 4168 738 4222 253.
