2724 4950
750 359 793 426 26

224 532 403 616 proverbiis
425 534 616 598 versaretur.
663 530 762 597 Velut
777 531 942 617 Theognis
962 555 992 598 v.
1018 533 1116 597 1104:
1139 530 1240 615 ὕβρις,
1263 532 1316 596 in·

225 649 313 735 quit,
343 650 398 709 nul
421 646 601 732 Μάγνητας
622 644 769 710 ἀπώλεσε
791 649 846 708 καὶ
869 645 1054 730 Κολοφῶνα
1076 649 1131 708 καὶ
1152 645 1317 732 Σμύρνην.

223 762 331 829 Facile
354 763 457 848 igitur
471 762 622 848 Alyattes
644 786 701 828 rex
723 763 917 847 Smyrnaeus
933 763 1136 828 effeminatos
1157 763 1220 830 sibi
1238 763 1316 828 sub·

219 879 319 964 jioere
333 878 358 963 1)
381 879 558 964 urbemque
580 880 684 945 delere
706 880 830 965 potuit3
853 881 951 963 atque
973 879 1036 944 hoc
1058 879 1152 945 modo
1170 878 1312 962 Smyrna

223 995 357 1080 antiqua
379 996 492 1081 periit,
523 998 612 1080 cnjus
633 996 757 1061 incolae
787 997 951 1060 trecentos
972 993 1113 1079 annosl)
1143 995 1313 1080 pervices

223 1132 290 1176 non
313 1111 455 1176 munitos
469 1109 494 1197 ³)
526 1111 672 1197 dissipati
702 1112 870 1189 vixerunt,
904 1111 1010 1199 quoad
1040 1110 1221 1176 Alexander
1243 1109 1315 1175 Ma·

222 1248 304 1310 gnus
326 1228 379 1293 vel
401 1227 585 1312 Antigonus
613 1228 710 1311 atque
733 1225 942 1311 Lysimachus
971 1225 1083 1290 urbem
1105 1226 1224 1312 viginti
1246 1229 1314 1293 sta·

222 1342 276 1408 dia
304 1343 345 1408 ab
375 1342 509 1428 antiqua
532 1345 690 1408 remotam
718 1344 837 1409 iterum
860 1342 1088 1422 condiderunt,
1121 1365 1186 1427 qua
1214 1343 1252 1409 de
1277 1365 1313 1410 re

223 1457 369 1526 conferas
391 1461 476 1544 quod
498 1459 582 1529 infra
604 1460 719 1524 dicam.

310 1574 379 1651 Quo
410 1598 495 1642 anno
517 1577 665 1662 Alyattes
693 1577 808 1641 urbem
836 1575 1073 1661 expugnaverit
1097 1573 1184 1640 haud
1214 1574 1314 1642 facile

222 1692 377 1759 constitui
411 1693 526 1777 potest.
581 1691 775 1757 Dunclrerus
790 1689 816 1776 4)
848 1691 977 1775 quidem
1011 1691 1131 1776 primas
1163 1689 1312 1776 Alyattis

222 1807 315 1892 regni
347 1829 398 1871 res
421 1811 528 1892 gestas
550 1807 752 1873 Herodotum
768 1806 794 1893 ⁵)
820 1811 949 1874 secutus
977 1808 1024 1874 sic
1053 1811 1240 1893 computat,
1274 1811 1313 1874 ut

222 1922 343 1988 bellum
365 1921 526 1987 Milesium
548 1923 582 1987 in
606 1944 708 1987 annos
731 1923 919 2000 eno-615,
944 1923 1066 1988 bellum
1088 1922 1250 1989 Medicum
1275 1925 1310 1989 in

221 2059 323 2103 annos
338 2038 512 2105 ert—610
532 2037 698 2116 inciderit3
722 2039 807 2123 quod
830 2039 857 2104 si
880 2060 993 2104 verum
1007 2041 1072 2117 est,
1104 2060 1177 2104 cum
1200 2041 1312 2106 cetera

295 2340 320 2410 1)
339 2339 468 2395 Dunclrer
484 2338 525 2410 11,
544 2357 571 2411 p.
590 2341 658 2395 519:
682 2340 781 2394 miram
799 2341 962 2395 sententiam
980 2340 1078 2411 habet,
1104 2339 1302 2396 Mimnermum

221 2441 267 2511 qui
291 2441 395 2496 civibus
420 2441 475 2495 suis
499 2458 542 2495 res
566 2459 582 2495 a
605 2442 754 2511 majoribus
778 2441 887 2496 fortiter
910 2446 1000 2512 gestas
1019 2441 1187 2496 carminibus
1205 2441 1262 2496 suis
1281 2442 1311 2496 in

221 2543 383 2597 memoriam
402 2543 579 2612 revocaverit,
598 2547 738 2598 auctorem
756 2543 872 2598 fortasse
889 2541 970 2613 hujus
987 2543 1055 2598 belli
1073 2542 1161 2598 fuisse.

293 2664 321 2732 2)
341 2662 419 2731 Quod
437 2662 535 2718 Strabo
554 2661 638 2730 (XIV,
657 2661 721 2730 646)
740 2662 825 2717 tradit
845 2650 1006 2732 Smyrnaeus
1024 2679 1074 2733 per
1091 2659 1310 2734 quadringentos

220 2782 304 2820 annos
316 2763 443 2836 κωμηδὸν
454 2763 608 2828 incoluisse,
625 2765 770 2832 postquam
782 2762 904 2832 Alyattes
915 2763 1011 2818 urbem
1027 2763 1180 2832 delevisset,
1198 2767 1309 2820 rectum

220 2883 278 2921 esse
296 2865 400 2936 nequit,
418 2881 482 2920 nam
501 2863 608 2919 etiamsi
626 2861 765 2933 Alyattem
782 2862 872 2932 primo
891 2863 970 2934 regni
989 2880 1060 2918 anno
1077 2863 1095 2917 'a
1113 2879 1138 2918 c.
1157 2864 1212 2919 620
1228 2881 1257 2919 a.
1276 2863 1308 2921 G.

220 2966 363 3036 Smyrnam
388 2979 557 3036 expugnasse
581 2967 662 3032 atque
688 2962 872 3033 Antigonum,
898 2963 946 3033 qui
969 2963 1069 3018 iterum
1094 2979 1155 3018 eam
1180 2964 1308 3021 condidit

219 3068 317 3123 ultimo
335 3083 406 3121 anno
425 3065 497 3119 vitae
515 3080 579 3118 suae
599 3063 617 3115 i.
637 3079 661 3116 e.
680 3065 734 3117 300
751 3081 775 3118 a.
794 3061 824 3118 0.
843 3062 895 3117 hcc
921 3062 1016 3119 fecisse
1040 3064 1187 3134 sumimus,
1211 3069 1307 3122 tamen

220 3172 265 3228 vix
284 3173 339 3226 320
356 3185 442 3222 annos
459 3165 642 3221 intercessisse
660 3165 791 3219 videmus.
829 3165 916 3235 Quam
936 3166 972 3220 cb
990 3182 1049 3220 rem
1067 3166 1206 3223 Gronovio
1223 3168 1307 3239 plana

219 3270 393 3339 assentimur,
410 3268 457 3337 qui
474 3265 553 3321 illum
570 3281 714 3320 numerum
731 3265 906 3320 librariorum
923 3270 1031 3322 tantum
1049 3267 1180 3322 mendum
1198 3285 1259 3325 esse
1277 3271 1306 3326 in

220 3371 337 3426 thesaur.
358 3370 443 3439 antiq.
460 3368 507 3426 Gr.
527 3368 579 3433 IV,
598 3387 626 3439 p.
647 3367 699 3423 145
718 3367 870 3423 contendit.
891 3397 923 3406 —
939 3366 975 3422 cf.
1011 3367 1140 3423 Dunclrer
1158 3368 1258 3426 Gcsch.
1277 3371 1304 3427 d.

218 3472 336 3529 Alterth.
353 3471 394 3535 Π,
412 3489 440 3540 p.
460 3471 513 3525 520
531 3470 624 3525 adnot.
642 3472 669 3525 8.

292 3575 319 3640 3)
337 3572 438 3627 Lanius
455 3589 484 3641 p.
505 3570 538 3625 21
557 3567 685 3643 κωμηδδν
702 3587 849 3642 perperam
860 3569 1064 3641 interpretatur,
1074 3570 1152 3640 qussi
1163 3569 1306 3643 Smyrnaei

218 3673 318 3729 ceteris
342 3673 451 3743 oppidis
469 3672 571 3727 Ionicis
589 3671 730 3726 distributi
746 3675 846 3726 essent
868 3699 898 3711 ·-
913 3670 949 3726 cl.
965 3670 1068 3726 Mullar
1086 3671 1144 3728 Lit.
1162 3673 1264 3730 (leuch.
1282 3674 1306 3745 1,

217 3797 246 3850 p.
254 3777 317 3830 204.
333 3805 363 3816 -
403 3773 533 3830 Dunoker
544 3773 563 3829 l.
580 3791 605 3828 c.
623 3774 666 3837 11,.
676 3790 707 3843 p.
720 3773 833 3828 520.-.
857 3772 1002 3842 Forbiger,
1019 3772 1176 3829 Handbuch
1189 3770 1304 3832 dalton

220 3877 466 3950 Geogr.11‚182.

290 3980 319 4050 4)
336 3980 364 4052 1,
379 3997 409 4051 p.
428 3981 482 4036 519
499 3978 594 4036 adnot.
614 3982 638 4034 1.

290 4082 364 4151 511,
385 4086 432 4138 16:
460 4071 534 4141 οὗτος
555 4079 584 4133 δί
608 4080 737 4150 Κυαξάρῃ
763 4097 785 4132 as
808 4079 844 4149 spi
868 4079 984 4143 Δηϊόκεω
1007 4077 1136 4151 ἀπογόνῳ
1161 4083 1305 4152 ἐπολέμησα

217 4182 264 4238 act
282 4185 407 4250 Μήδοισι.
425 4183 594 4253 Κιμμερίους
610 4198 637 4232 aa
651 4181 679 4232 ts
696 4180 737 4246 οἷς
752 4179 834 4244 Ἀσίης
848 4178 972 4244 ἐξήλασε,
1012 4181 1142 4250 Σμᾶοιοιν
1156 4200 1182 4236 rs
1199 4184 1244 4250 τὴν
1261 4185 1315 4239 dna

217 4283 384 4354 Κολοφῶνος
400 4283 621 4338 metamaucus
640 4283 674 4338 cl.
689 4283 728 4339 id.
746 4283 776 4353 1,
793 4286 837 4339 74.
