2724 4950
586 387 626 454 17

58 559 90 623 si
112 559 152 623 de
166 528 377 644 temporibus,
401 559 518 643 quibus
529 558 646 625 Aeoles
664 563 697 624 et
712 560 807 626 Iones
821 563 963 627 colonius
984 564 1020 626 in
1040 561 1152 627 Asiam

46 651 268 754 deduxerint,
292 698 395 761 pauca
417 676 696 760 disputaverimus.

152 790 199 855 At
226 791 306 856 certi
339 792 378 856 de
410 791 470 856 hae
498 794 603 857 aetate
633 793 714 857 nihil
745 795 895 857 constitui
927 797 1049 878 potest,
1080 816 1153 858 oum

62 906 262 991 scriptorum
284 907 470 970 testimonia
491 908 631 970 nimium
640 908 727 971 inter
750 930 782 972 se
800 906 990 993 discrepent.
1036 907 1153 974 Strabo
1171 984 1174 988 ¹

61 1018 153 1085 enim
175 1019 341 1085 Aeolicam
361 1020 590 1105 migrationem
613 1022 751 1104 quatuor
775 1024 934 1087 aetatibus
949 1026 1023 1088 ante
1039 1024 1155 1089 Ionum

40 1223 43 1231 .
64 1135 230 1200 exstitisse
252 1135 322 1199 vult
335 1135 376 1219 1),
407 1134 493 1219 quod
515 1138 629 1199 contra
652 1135 795 1220 Vellejus
818 1136 1007 1203 Paterculus
1025 1139 1156 1230 ²)-Aeo-

59 1250 162 1316 licam
184 1251 396 1333 posteriorem
417 1248 516 1315 habet
532 1248 567 1335 ³).

154 1364 319 1442 Quantum
341 1389 402 1431 nos
424 1366 553 1450 quidem
571 1366 716 1450 judicare
739 1389 917 1451 possumus,
942 1366 1080 1431 Aeolum
1104 1389 1157 1431 ex-

63 1482 188 1570 peditio
212 1484 302 1568 prior
322 1481 419 1546 fuisse
444 1483 569 1546 videtur
582 1482 624 1566 4);
647 1504 752 1566 neque
773 1486 882 1546 tamen
905 1504 942 1547 ea
964 1504 998 1545 re
1020 1481 1158 1545 efficitur

63 1597 184 1664 Aeolus
207 1599 330 1684 priores
361 1599 396 1661 in
419 1597 531 1662 Asiam
553 1599 752 1683 pervenisse,
783 1620 857 1662 cum
886 1597 945 1661 hos
974 1619 1041 1661 non
1071 1599 1159 1661 recta

64 1714 118 1778 via
142 1713 197 1778 sed
220 1713 307 1777 lente
330 1734 388 1798 per
407 1715 588 1798 complures
610 1716 731 1777 aetates
742 1711 933 1798 1111311115θῦ)
956 1715 1053 1796 atque
1068 1733 1157 1776 oram

65 1829 168 1894 maris
191 1829 323 1894 Thracii
344 1831 470 1895 secutos
503 1831 643 1916 primum
666 1829 816 1913 Cyzicum
849 1830 963 1896 deinde
986 1832 1160 1917 paeninsu-

65 1945 133 2010 lam
155 1944 284 2010 Idaeam
319 1966 490 2031 occupasse
519 1948 634 2009 notum
658 1946 719 2023 sit,
759 1967 856 2029 quam
884 1946 959 2009 inde
989 1946 1030 2009 ab
1061 1945 1157 2013 litore

64 2061 240 2148 paullatim
265 2061 532 2147 expugnaverint.
590 2060 718 2126 Curtius
737 2059 761 2146 6)
795 2061 916 2147 optime
952 2061 1013 2126 hac
1043 2062 1081 2126 de
1104 2084 1156 2126 re:

67 2176 151 2241 >Die
166 2176 389 2262 Aeolierziige,
413 2178 529 2261 inquit,
553 2177 660 2241 haben
675 2179 759 2242 noch
772 2199 825 2242 am
843 2179 979 2250 meisten
1001 2178 1062 2241 den
1078 2177 1161 2241 Cha-

66 2292 181 2357 relrter
213 2293 301 2357 einer
323 2292 660 2379 Vbllrerwanderung,
695 2293 817 2359 welche
848 2293 930 2358 ohne
952 2292 1159 2357 bestimmten

65 2407 202 2494 Anfang
223 2408 291 2473 und
313 2408 416 2474 festen
439 2409 615 2494 Zielpuulrt
650 2411 715 2474 sich
737 2408 977 2473 Generationen
1000 2407 1161 2471 hinduroh

65 2525 216 2610 langsam
236 2523 320 2588 nach
334 2525 406 2588 dem
418 2525 614 2609 jeuseitigen
632 2524 802 2589 Festlande
825 2524 966 2588 hiniiber
983 2523 1159 2607 bewegte.«

160 2637 252 2715 cuod
275 2641 389 2703 contra
413 2639 527 2703 Ionum
552 2640 772 2723 expeditiones
795 2639 979 2724 agentibus
1001 2637 1161 2702 bellicosis

70 2758 239 2841 susceptae
263 2756 354 2834 sunt,
383 2777 465 2838 quae
488 2778 552 2840 quo
574 2756 788 2841 expeditiores
810 2758 934 2832 essent,
960 2755 1028 2819 sine
1050 2754 1163 2818 mulie-

143 3064 170 3134 1)
190 3062 344 3133 XH1‚582:
363 3061 464 3130 τέταρσι
481 3058 535 3131 γὰρ
553 3058 585 3124 δὴ
603 3063 708 3130 γενεαῖς
722 3060 905 3128 πρεσβυτέραν
925 3059 993 3127 φασὶ
1010 3060 1054 3124 τήν
1071 3062 1164 3112 Aletr-

45 3229 48 3232 ⁴
67 3165 118 3232 νῆν
139 3162 269 3218 ἀποικίαν
286 3163 328 3228 τῆς
344 3160 468 3226 Ἰωνικῆς.

143 3265 357 3334 21Hist.Rom.
395 3264 425 3328 Ι,
445 3267 472 3318 4.

143 3367 171 3439 3)
191 3367 226 3422 cf.
237 3365 426 3422 Wachsmuth.
456 3365 528 3417 Hell.
541 3362 802 3417 Alterthumskunde
814 3363 836 3429 Ι,
849 3365 893 3417 98.
904 3391 936 3402 -
966 3363 1106 3417 Eratosth.
1122 3380 1165 3432 up.

67 3469 154 3524 Clem.
166 3467 244 3523 Alex.
257 3467 357 3520 Strom.
371 3467 392 3524 Ι,
406 3484 435 3534 p.
448 3467 501 3519 336
512 3464 544 3516 B.
557 3493 589 3501 —
618 3463 744 3532 Apollod.
756 3462 1016 3531 ap.Euseb.Chron.
1028 3462 1050 3526 l,
1063 3481 1090 3532 p.
1104 3467 1165 3517 141.

69 3600 99 3608 -
117 3567 275 3623 Philochor.
290 3572 318 3620 et
329 3564 478 3620 Aristarch.
497 3581 540 3632 ap.
552 3564 654 3617 Euseb.
673 3580 767 3633 praep.
786 3580 827 3616 ev.
840 3563 874 3628 X,
887 3580 915 3630 p.
934 3565 988 3616 492
1006 3563 1043 3630 Α,
1058 3580 1102 3631 ap.
1115 3563 1166 3616 Ta·

66 3670 134 3724 tien.
147 3686 175 3738 p.
189 3669 249 3721 108.
260 3696 293 3707 -
324 3665 408 3720 Olem.
420 3663 606 3718 Alex.Strom.
623 3662 645 3731 Ι,
657 3681 686 3731 p.
704 3663 766 3717 326.
779 3663 813 3716 Ι).
825 3692 856 3700 -
870 3662 968 3715 Marm.
978 3662 1040 3715 Par.
1059 3678 1103 3731 cp.
1122 3665 1165 3715 27·

68 3799 101 3808 —
116 3766 230 3823 Boeokh
243 3766 272 3820 G.
290 3766 312 3819 I.
328 3765 361 3820 G.
379 3765 415 3819 Π.
434 3765 496 3818 315.
516 3765 578 3818 316.
598 3767 648 3817 331
668 3781 708 3832 sq.
722 3793 754 3800 -
767 3762 883 3816 Palmer.
902 3778 989 3816 exerc.
1007 3780 1034 3831 p.
1056 3764 1118 3816 699.
1132 3793 1166 3806 -

65 3867 195 3925 Dodwell
212 3867 276 3921 diss.
293 3867 355 3922 697.
373 3868 399 3920 6.

142 3968 171 4039 4)
190 3969 226 4024 cf.
245 3967 352 4023 Curtius
372 3965 480 4020 Griech.
499 3963 598 4019 Gesch.
616 3964 643 4027 Ι,
661 3980 689 4033 p.
712 3965 770 4017 103.

142 4070 170 4139 ὅ)
190 4068 224 4124 cf.
244 4066 343 4122 Strabo
362 4067 429 4135 XII,
454 4068 508 4120 582
527 4063 665 4134 διατριβὰς
683 4063 712 4116 de
731 4065 823 4130 λαβεῖν
841 4061 964 4129 (Αἰολεῖς)
991 4058 1037 4111 καὶ
1052 4060 1170 4128 χρόνους

62 4170 261 4248 μακροτέρους.
283 4197 314 4206 -·
364 4168 435 4224 Vell.
451 4167 512 4220 Pet.
530 4167 549 4219 l.
568 4185 591 4220 e.
609 4166 700 4220 Aeolii
712 4163 931 4249 longissimisquo
950 4161 1005 4215 acti
1022 4160 1169 4215 erroribus.

143 4263 173 4340 6)
193 4265 304 4323 Griech.
324 4265 423 4321 Gesch.
441 4266 472 4336 1,
486 4285 514 4336 p.
532 4267 593 4320 105.

970 4389 990 4451 2
