2724 4950
655 395 696 459 42

220 566 329 631 Etiam
351 589 424 631 cum
445 565 649 632 Mithridates
666 566 691 651 1)
715 567 836 631 bellurn
859 589 931 631 cum
951 565 1107 631 Romanis
1129 587 1157 629 a.
1178 566 1221 631 88

133 682 290 768 inciperet
312 684 410 766 atque
422 684 526 746 totam
538 681 651 747 Asiam
665 684 909 768 expugnaturus
924 704 991 749 esse
1008 681 1173 747 videretur
1186 679 1223 765 ¹),

135 797 231 862 urbes
261 819 337 861 vero
367 797 525 881 plurimae
554 797 673 881 partim
703 798 819 881 sponte
850 796 967 881 partim
997 797 1029 862 vi
1051 794 1224 881 coactao³l

134 935 201 977 sese
223 912 252 976 ei
274 911 450 987 dedissent,
474 908 643 994 Smyrnaei
665 910 820 975 Romanis
842 910 938 975 fidem
961 913 1126 976 servantes
1147 933 1225 998 por·

133 1028 176 1092 tis
199 1027 314 1091 clausis
336 1025 511 1090 fortissime
541 1047 575 1090 se
599 1025 814 1091 defenderunt
825 1025 861 1110 4).
914 1023 963 1090 Ac
985 1047 1059 1091 cum
1079 1025 1225 1111 ejusdem

133 1142 212 1208 belli
245 1144 391 1227 tempore
413 1139 663 1225 Smyrnaeorum
696 1141 852 1226 populus,
887 1143 944 1226 qui
974 1143 1010 1205 in
1042 1141 1116 1207 foro
1137 1140 1226 1207 forto

135 1258 329 1323 convocatus
362 1258 446 1333 erat,
487 1256 605 1321 certior
636 1257 742 1322 faetus
774 1259 874 1337 esset,
906 1256 1014 1323 Sullae
1045 1258 1226 1324 exercitum

136 1375 270 1461 propter
291 1371 407 1437 hiemis
429 1371 633 1437 severitatem
650 1374 747 1456 atque
769 1373 908 1438 vestium
923 1372 1092 1459 penuriam
1106 1394 1226 1459 magno

135 1490 171 1554 in
194 1489 338 1576 periculo
361 1488 497 1566 versari,
530 1510 641 1554 omnes
671 1490 865 1555 vestimenta
887 1490 1011 1556 exuisse
1034 1491 1135 1574 atque
1158 1488 1228 1555 Ro-

134 1604 239 1669 manis
261 1604 385 1669 misisse
408 1603 608 1690 dicuntur⁵).

221 1718 359 1804 Smyrna
380 1719 431 1784 his
451 1721 652 1806 temporibus
674 1719 760 1784 inter
778 1721 916 1786 maxime
931 1721 1114 1806 praeclaras
1126 1720 1227 1789 Asiae

135 1836 283 1901 civitates
304 1838 375 1900 erat
397 1835 475 1919 (qua
498 1835 536 1900 de
560 1857 595 1900 re
617 1833 656 1899 cf.
680 1833 743 1900 Cio.
767 1834 853 1901 Phil.
876 1835 919 1914 Π,
944 1837 977 1921 3)
1000 1838 1098 1921 atque
1121 1838 1227 1905 medi·

135 1972 246 2015 corum
276 1951 437 2029 scholam,
472 1972 554 2034 quae
588 1951 629 2014 ab
652 1949 846 2015 Erasistrato
880 1972 999 2015 nornen
1020 1953 1137 2031 traxit,
1174 1955 1226 2019 cui

134 2070 213 2132 tunc
222 2065 357 2141 Ἱκέσιος
372 2068 530 2152 praeerat,
554 2088 591 2131 eo
608 2070 752 2151 tempore
767 2066 914 2131 floruisse
929 2065 1046 2133 Strabo
1060 2071 1177 2133 narrat
1190 2066 1225 2154 ⁶).

224 2181 303 2249 (lum
327 2180 498 2247 Dolabella
521 2183 595 2265 post
617 2180 761 2244 Caesaris
782 2180 911 2245 caedem
933 2181 968 2245 in
982 2179 1096 2247 Asiam
1118 2184 1227 2249 venis-

133 2302 199 2381 set,
223 2298 422 2375 Trebonius,
453 2297 504 2362 cui
526 2297 636 2382 paullo
659 2299 735 2361 anto
757 2318 844 2361 anno
868 2298 912 2362 44
932 2296 1011 2363 Asia
1032 2298 1146 2363 Ionica
1168 2299 1226 2365 ob·

134 2418 256 2502 tigerat
278 2416 445 2501 provincia
460 2413 499 2499 ⁷),
530 2435 589 2479 nec
611 2412 767 2496 Smyrnae
789 2434 849 2478 nee
871 2413 1024 2499 Pergami
1046 2435 1121 2481 eum
1144 2414 1224 2481 urbo

206 2589 232 2658 1)
250 2589 283 2642 In
296 2589 443 2658 Smyrnaeo
456 2605 568 2643 nummo
586 2587 632 2658 (cf.
643 2588 768 2642 Mionnet
785 2588 835 2652 ΠΙ,
852 2606 880 2659 p.
893 2591 945 2643 217
961 2605 990 2644 n.
1000 2591 1083 2650 1210)
1101 2587 1224 2645 anonae

132 2696 215 2763 caput
224 2708 288 2746 oum
300 2689 455 2745 diademate
465 2688 699 2759 atergoVictoria
709 2689 762 2744 dea
774 2689 903 2744 incedens
915 2693 996 2759 atque
1006 2688 1226 2747 indextraooro·

132 2811 197 2849 nam
214 2810 248 2847 ex
259 2791 359 2863 palmis
368 2793 480 2860 portans
492 2788 621 2859 cernitur,
635 2788 678 2842 cui
689 2788 860 2858 adscriptum
873 2793 928 2844 est:
942 2793 1225 2845 ammaum-

132 2899 308 2948 ΜΟΓΚΝΗΣ
324 2891 461 2949 smol.
502 2889 659 2946 Viscontius
678 2887 869 2961 (iconograph.
888 2889 985 2959 Grecq.
1003 2890 1041 2959 pl.
1055 2890 1145 2961 XLII)
1157 2890 1225 2947 illud

133 2998 216 3065 caput
226 2992 393 3049 Mithridatis
402 3008 460 3045 esse
471 2994 559 3061 putat,
570 2994 651 3058 atque
662 2989 818 3043 Mionnetus
828 3006 891 3043 eum
904 2989 1033 3061 sequitur,
1043 2990 1134 3046 euml.
1148 3007 1174 3046 o.
1187 2990 1226 3049 di·

133 3099 189 3150 oct:
212 3095 265 3149 »ln
276 3092 400 3149 Visconti
414 3092 481 3161 juge
499 3107 564 3145 avec
580 3089 670 3143 raison
681 3106 734 3158 que
746 3093 817 3143 cette
834 3088 962 3144 medaille
976 3088 1175 3158 precedement
1186 3094 1226 3147 at·

133 3195 224 3250 tribub
239 3196 256 3249 ὲ
267 3195 393 3248 Seleucus
402 3193 428 3245 Il
445 3191 617 3261 appartenait
628 3190 828 3245 &Mithridates
839 3190 878 3246 VI
890 3189 1039 3260 rapaton«
1069 3189 1107 3245 At
1124 3190 1224 3247 Ianira

132 3313 162 3367 p.
175 3299 208 3351 31
224 3299 299 3350 recto
309 3294 385 3359 dicit,
404 3293 526 3350 Victoria
539 3310 601 3347 cum
614 3309 715 3347 corona
727 3309 759 3347 ac
773 3291 926 3361 palmarum
938 3289 1034 3346 fronde
1043 3289 1224 3350 Callinioino·

131 3397 213 3451 minis
224 3395 384 3451 memoriam
396 3395 627 3464 nobisrevooare.
653 3392 759 3448 Deinde
782 3391 865 3447 statui
877 3391 980 3463 nequit,
992 3373 1166 3466 Smyrnaeus,
1182 3394 1230 3466 qui

132 3498 190 3555 fere
213 3515 355 3569 sempera
376 3497 562 3552 Romanorum
585 3493 710 3565 partibus
739 3493 878 3560 steterint,
907 3511 1032 3548 nummos
1054 3480 1232 3553 mundam

132 3600 223 3670 capite
239 3603 349 3656 ornatos
367 3598 504 3653 habuisse.
516 3597 552 3651 of.
576 3596 737 3666 Hertaberg,
757 3596 801 3650 die
823 3595 987 3650 Geschichte
1007 3596 1224 3655 Grieohenlmdc

133 3706 212 3757 untes
230 3702 280 3756 der
295 3699 454 3756 Herrschaft
472 3699 632 3754 derltdmer
650 3699 672 3765 l,
689 3715 717 3766 p.
736 3699 789 3752 379
808 3715 847 3766 sq.
866 3701 895 3752 et
911 3714 980 3766 quos
998 3701 1130 3755 auctores
1148 3700 1224 3757 citet

205 3821 234 3892 2)
251 3820 286 3876 cl.
304 3821 375 3891 App.
394 3819 459 3874 bell.
478 3817 601 3874 Mithrid.
620 3819 664 3871 20.
683 3845 718 3856 —
736 3816 852 3885 Eutrop.
871 3816 905 3872 V.

212 3922 240 3994 Β)
257 3924 360 3979 Memn.
379 3938 425 3992 ep.
441 3918 522 3976 Phot.
539 3937 568 3991 p.
589 3922 642 3974 230
660 3937 686 3974 v.
706 3921 750 3974 35.

205 4025 233 4094 4)
252 4023 362 4079 Orosius
380 4021 435 4092 vl,
455 4025 480 4077 ἢ.
499 4038 527 4091 p.
546 4022 611 4074 241.

204 4124 232 4194 o)
251 4124 338 4179 Tacit.
357 4140 419 4177 ann.
438 4122 490 4185 IV,
510 4124 554 4177 56.
573 4120 607 4176 cl.
627 4119 709 4175 Arist.
728 4137 770 4190 ep.
791 4118 826 4173 ad
845 4118 950 4188 Smyrn.
969 4118 992 4188 1,
1010 4136 1039 4193 p.
1063 4125 1131 4180 766,

203 4225 231 4291 a)
250 4223 312 4277 xu.
331 4224 393 4277 seo.
1069 4234 1073 4241 ·
1098 4222 1102 4233 ·
1138 4200 1143 4209 '

203 4323 231 4394 7)
248 4321 318 4393 App.
336 4322 401 4378 bell.
420 4321 492 4378 civil.
510 4321 551 4376 111
569 4337 593 4377 o.
614 4323 639 4376 2.
