2724 4950
659 309 701 372 34

136 479 224 541 enim
246 477 298 541 illi
318 477 392 541 ideo
414 478 544 539 tantum
566 475 711 540 instituti
732 479 835 555 erant,
858 485 898 539 ut
918 474 1066 541 ciuimtes
1087 474 1223 542 Graecas

138 615 160 656 a
180 591 350 657 Persarum
374 591 613 655 incursionibus
635 578 838 670 tutarentur,
871 612 1008 676 quorum
1029 612 1108 676 opes
1128 592 1223 656 mari-

134 709 235 772 timae
257 709 328 771 tum
350 705 437 770 haud
459 706 596 790 exiguae
619 708 714 770 erant
729 704 764 790 1).

221 821 327 897 Quum
356 822 392 885 in
423 821 475 886 his
496 819 633 884 urbibus
660 841 787 904 semper
809 819 983 904 optImates
1012 823 1133 900 essent,
1169 822 1223 906 qui

133 959 154 1002 a
175 935 347 1003 Persarum
370 936 519 1022 partibus
541 938 665 1001 sterent
679 935 768 1001 velut
781 935 902 1020 Ephesi
924 933 957 998 οἳ
977 940 1050 1020 περ)
1067 936 1125 1021 ”ll
1140 934 1223 1019 Σύρ-

134 1075 228 1136 φακα
241 1053 284 1139 ²),
307 1053 375 1118 sola
397 1052 561 1117 restitutio
584 1051 631 1117 rei
652 1051 800 1136 publicae
823 1050 988 1137 popularis
1010 1051 1152 1118 Graecas
1171 1074 1223 1117 ur·

133 1171 191 1234 bes
212 1191 232 1232 a
254 1168 362 1233 Persis
383 1168 522 1232 liberare
544 1167 662 1252 potuit.

221 1282 296 1349 Nisi
328 1282 512 1347 Alexander
549 1281 671 1366 populo
702 1280 905 1360 libertatem,
947 1302 1013 1366 qua
1041 1283 1223 1367 antiquitus

132 1399 320 1477 fruebatur,
344 1397 491 1474 reddidit,
515 1417 620 1480 neque
643 1395 711 1459 ullo
733 1395 829 1460 modo
851 1417 1028 1481 paucorum
1048 1397 1223 1482 imperium

135 1515 241 1580 delere
286 1535 393 1598 neque
424 1511 596 1577 Persarum
635 1511 862 1576 auctoritatem
894 1510 1070 1596 prohibere
1103 1514 1221 1598 potuit

139 1628 243 1705 Quam
265 1630 307 1694 ob
336 1650 406 1693 rem
427 1627 548 1711 ubique
574 1626 747 1711 imperium
769 1646 945 1711 paucorum
970 1627 1104 1692 dissolvi
1127 1630 1223 1713 atque

134 1745 291 1830 populare
313 1744 486 1829 imperium
508 1743 636 1807 restitui
656 1742 753 1825 jussit
768 1740 803 1826 ³).

220 1858 300 1925 Post
320 1858 497 1925 Alexandri
518 1861 656 1923 mortem
678 1857 721 1942 (a.
745 1856 823 1941 323)
845 1880 866 1922 a
885 1857 1049 1938 Perdicca,
1073 1860 1133 1945 qui
1153 1859 1223 1924 dro-

133 1982 266 2067 μοληιής
288 1978 490 2066 αὐτοκράτωρ
512 1981 697 2047 nominatus
720 1981 828 2066 erat4)
855 1979 1037 2068 Meleagros
1052 1981 1078 2068 ὁ)
1100 1980 1221 2068 Lydiae

135 2105 317 2192 praefectus
345 2106 408 2182 est;
440 2103 593 2169 Perdicca
623 2103 795 2168 interfecto
810 2102 836 2188 ⁸)
867 2102 1060 2169 Macedones
1083 2104 1223 2191 Antipa-

134 2224 222 2286 trum
246 2223 489 2306 procuratorem
509 2221 639 2305 imperii
651 2221 842 2285 creaverunt
855 2218 889 2304 7),
913 2220 970 2304 qui
990 2240 1093 2305 quum
1118 2222 1221 2287 denuo

135 2337 295 2421 satrapias
317 2336 536 2414 distribuerit,
561 2336 645 2401 Olito
668 2333 805 2420 Lydiam
827 2335 929 2400 tradit
941 2332 977 2420 ⁸)

222 2450 347 2526 Quibus
376 2453 578 2538 temporibus
601 2450 772 2536 Smyrnam
805 2453 993 2535 ceterasque
1014 2448 1160 2515 Graecas
1188 2448 1219 2515 iu

134 2566 215 2632 Asia
236 2566 333 2632 urbes
353 2566 539 2631 libertatem
572 2587 663 2630 suam
685 2587 827 2631 servasse
855 2587 929 2631 cum
958 2564 1032 2630 aliis
1064 2586 1106 2630 cx
1128 2564 1220 2631 rebus

132 2685 203 2745 tum
230 2703 271 2745 ex
301 2703 340 2745 eo
368 2680 553 2765 intelligere
584 2702 771 2765 possumus,
802 2681 889 2765 quod
919 2702 948 2745 a
973 2681 1036 2744 311
1060 2680 1106 2747 ab
1128 2680 1220 2747 Anti-

132 2817 220 2882 gono
242 2816 316 2860 cum
337 2794 547 2879 Lysimach0‚
572 2796 765 2876 Cassandro,
795 2796 981 2863 Ptolemaeo
1002 2797 1117 2882 pactio
1138 2796 1218 2863 facta

134 2917 182 2978 est
197 2911 238 2997 9),
274 2934 339 2998 qua
368 2913 430 2978 hoc
456 2913 543 2977 inter
574 2934 628 2977 eos
651 2913 817 2990 convenit,
848 2915 886 2976 ut
907 2910 1103 2999 Antigonus
1124 2911 1215 2978 seio

135 3032 306 3115 praeesset,
331 3028 447 3094 Graeci
470 3051 546 3095 vero
570 3029 720 3114 suijuris
743 3030 921 3094 manerent.

206 3288 233 3352 1)
250 3286 357 3343 Arx-iau.
376 3288 399 3343 I.
417 3292 453 3344 20
470 3289 508 3344 of.
525 3289 649 3360 Droysen
668 3289 768 3345 Gesch.
784 3289 863 3344 Alex.
879 3306 907 3359 p.
928 3291 984 3347 124
1001 3306 1065 3361 sqq.

203 3384 232 3454 2)
249 3386 355 3440 Arriam
373 3387 396 3441 Ι.
414 3388 458 3457 17,
478 3392 521 3443 12.
537 3419 572 3432 -
592 3388 715 3458 Droysen
731 3388 827 3444 (iesch.
840 3387 917 3443 Alex.
936 3405 967 3458 p.
982 3392 1037 3447 120
1054 3392 1146 3463 amai.
1161 3407 1217 3449 cun

132 3501 160 3555 p.
181 3484 241 3539 116.
260 3513 296 3525 -
315 3486 391 3541 Guhl
407 3487 561 3559 Ephesiaca
578 3506 607 3559 p.
625 3489 670 3544 54.

202 3587 230 3657 3)
247 3588 354 3643 Arrian.
372 3587 392 3643 l.
410 3606 435 3644 c.

201 3687 230 3756 4)
248 3687 329 3743 Diod.
347 3688 449 3745 XVIII.
468 3691 494 3751 2,
514 3689 558 3744 25.

201 3786 230 3856 0)
248 3787 330 3843 Diod.
347 3789 448 3847 XVIII.
467 3791 500 3858 3,
517 3792 545 3844 ὅ.

201 3886 230 3956 6)
247 3888 330 3945 Diod
346 3888 448 3946 XVIII
467 3891 518 3956 30,
536 3892 581 3944 30.

204 3987 230 4058 I)
248 3987 330 4042 Diod.
349 3986 450 4045 xvm.
470 3990 521 4058 39,
543 3991 583 4044 10.

201 4086 373 4157 &aba

124 4228 128 4235 .
204 4186 232 4256 0)
249 4185 332 4241 Diod.
349 4184 423 4241 xlx
446 4185 497 4241 105
515 4185 550 4242 cf.
568 4186 606 4241 id.
623 4186 684 4244 XX
703 4189 746 4243 19.
