2724 4950
626 409 667 472 28

180 576 250 652 Qua
277 578 432 644 raetiam
457 599 569 642 aversa
601 577 682 640 urhe
697 575 947 661 Smyrnaeorum
971 580 1095 663 templa
1116 602 1186 644 ser·

93 695 167 758 vata
201 715 269 757 esse
302 694 400 776 atque
431 714 485 757 eos
525 694 650 756 statuas
686 691 851 756 faciendas
890 714 1004 758 ourare
1039 694 1186 778 potuisse

93 809 344 872 consentaneum
367 808 425 870 est.

180 922 271 998 Quod
305 922 420 987 deinde
443 921 523 986 urbe
556 921 599 985 ab
620 920 755 1005 Alyatte
785 924 972 1006 expugnata
1005 924 1186 989 nonnullos

63 1037 345 1122 ‘Smyrnaeorum
381 1059 415 1102 se
442 1035 631 1120 Colophona
659 1036 836 1100 eontulisse
867 1034 1032 1121 Lanius1)
1066 1038 1189 1106 scholi·

93 1156 181 1217 astae
194 1126 353 1217 Platonici
367 1151 391 1237 ²)
414 1153 521 1217 verbis
533 1155 630 1235 atque
645 1149 855 1236 Apostolio.³)
877 1152 972 1218 nixus
985 1154 1094 1232 sumit,
1118 1177 1188 1220 non

96 1269 198 1353 magis
221 1270 345 1332 reatum
369 1288 435 1332 esse
458 1265 540 1330 mihi
562 1266 707 1344 videtur,
731 1289 806 1331 oum
827 1268 884 1331 illa
905 1269 941 1332 in
965 1270 1061 1347 urbe,
1086 1292 1188 1355 quam

94 1384 135 1449 ab
157 1383 291 1468 Alyatte
315 1385 532 1468 expugnatam
553 1405 620 1447 esse
643 1405 682 1447 ex
697 1382 896 1470 Theognidis
919 1384 989 1449 loeo
1013 1385 1113 1450 allato
1134 1386 1190 1450 in·

95 1500 331 1585 ῐο11ίςίωιιο4),
362 1500 528 1564 meliorem
552 1498 773 1564 conditionem
806 1521 839 1564 se
862 1503 1093 1566 consecuturos
1116 1524 1190 1569 esse

93 1638 223 1702 sperare
245 1638 309 1680 non
335 1615 511 1701 potuerint.
556 1612 720 1700 Apostolii
743 1637 819 1681 vero
841 1615 957 1681 verba:
981 1619 1190 1698 Σμυρναίους

95 1731 158 1813 γὰρ
179 1721 343 1805 ἐλθόντας
364 1732 530 1804 συνοίκους
551 1729 714 1814 ἐκέκτηντο
739 1768 777 1778 -—
803 1731 830 1796 si
853 1752 966 1797 verum
994 1734 1190 1799 tradunt·-

96 1849 136 1914 ad
159 1869 197 1912 ea
218 1850 365 1933 tempora
388 1848 557 1914 referenda
579 1850 672 1928 sunt,
701 1848 822 1932 quibus
845 1847 1015 1934 Smyrnaei
1037 1851 1080 1917 ab
1102 1851 1191 1917 Aeo-

96 1964 181 2029 libus
203 1962 329 2049 depulsi
351 1962 543 2048 Colophona
565 1962 794 2048 confugerunt

184 2078 276 2155 Quod
316 2080 455 2164 denique
489 2079 661 2164 Kiepertus
674 2078 700 2161 ⁵)
740 2078 924 2158 contendit,
971 2080 1070 2145 etiam
1105 2084 1184 2166 post

95 2196 254 2281 Smyrnae
276 2196 474 2260 eversionem
496 2195 579 2260 hano
609 2196 740 2274 urbem,
772 2197 960 2281 priusquam
993 2195 1182 2262 Alexander

96 2333 213 2376 novam
228 2311 454 2389 aedificaverit,
477 2331 645 2394 nunquam
668 2311 792 2376 exstare
805 2310 975 2389 destitisse,
997 2311 1076 2376 haeo
1098 2335 1174 2379 sen·

98 2428 202 2493 tentia
223 2427 349 2493 disertis
372 2425 540 2492 Strabonis
571 2426 678 2491 verbis
699 2429 861 2512 repugnat
876 2426 915 2511 6),
948 2448 1051 2511 neque
1073 2449 1180 2512 usque

94 2534 134 2600 ad
157 2532 336 2599 Alexandri
367 2534 516 2618 tempora
538 2529 676 2616 Smyrna
709 2533 787 2597 urbs
808 2531 895 2618 apud
917 2531 1020 2597 ullum
1040 2533 1181 2619 scripto·

101 2678 170 2724 rem
192 2659 469 2723 commemoratur.

184 2772 272 2848 Quae
295 2794 368 2838 cum
391 2774 437 2837 ita
459 2772 542 2849 sint,
558 2795 561 2800 ·
576 2771 693 2856 oonjioi
715 2771 810 2850 lieet,
841 2770 1037 2856 Smyrnaeos
1069 2771 1184 2838 eedem

96 2892 196 2973 atque
219 2892 342 2954 eeteros
364 2889 460 2956 lones
481 2887 614 2954 fortuna
635 2909 710 2952 usos
733 2891 770 2952 ut
796 2887 856 2954 hos
879 2887 996 2954 Croeso
1019 2886 1190 2972 subjectos

95 3185 159 3223 vero
173 3168 239 3222 urbs
251 3167 312 3238 ipsa
324 3170 431 3222 vastate
449 3171 491 3220 ert
508 3185 525 3221 a
542 3167 653 3237 templis
672 3171 766 3222 tamen
785 3168 899 3222 deornm
918 3184 951 3221 ex
972 3172 1095 3224 veterum
1114 3184 1193 3222 moro

91 3285 186 3322 manus
210 3267 371 3322 abstinuisse
389 3266 459 3336 Lydi
483 3267 637 3322 videntur«.
664 3297 694 3308 -
721 3269 762 3324 sio
779 3268 901 3339 Alyattes
919 3268 1043 3323 Athenae
1061 3271 1192 3325 Assem

91 3369 228 3439 templum
247 3369 421 3423 combustum
439 3367 566 3425 restituit.
585 3368 620 3425 of.
640 3368 741 3425 Herod.
760 3368 785 3438 Ι,
806 3371 839 3425 19
850 3372 921 3424 -21,
941 3400 973 3408 -
1015 3369 1125 3424 Curtius
1143 3370 1194 3426 Cr.

92 3469 190 3525 Gesoh.
208 3469 251 3534 I,x
257 3487 286 3539 p.
304 3471 367 3524 470.

167 3576 194 3649 1)
216 3595 245 3649 p.
266 3579 311 3633 21.

169 3681 197 3749 ἢ)
216 3678 252 3735 ad
271 3677 451 3733 Theaetetnm
468 3694 497 3748 p.
515 3677 571 3731 897
589 3676 632 3733 ad
652 3675 735 3732 Orell.

169 3781 197 3851 8)
215 3779 294 3848 xvl,
312 3781 347 3836 92
367 3779 411 3835 ed.
429 3795 484 3835 von
501 3777 630 3833 Lentsah.

168 3887 196 3957 4)
214 3887 250 3944 of.
268 3886 413 3953 muster,
432 3886 532 3944 Gesah.
548 3885 578 3943 d.
596 3885 715 3943 Alterth.
733 3884 775 3951 11,
792 3903 821 3957 p.
840 3888 902 3943 521.

170 3999 198 4068 5)
218 3995 300 4052 Aroh.
320 3996 454 4067 Zeitung,
472 3993 568 4066 Jahrg.
587 3996 615 4065 1,
633 4012 661 4066 p.
681 3997 716 4049 37
734 3993 816 4073 Anm.
835 3997 862 4051 5.

174 4106 204 4175 6)
222 4104 257 4161 of.
276 4104 421 4173 Forbiger,
440 4100 596 4157 Handbuoh
615 4100 642 4156 d.
661 4100 735 4156 alten
749 4101 850 4172 Geogr.
868 4103 904 4167 11,
922 4120 950 4172 p.
965 4103 1028 4159 182.
1044 4101 1126 4159 dnm.
1144 4105 1195 4161 86:

98 4205 166 4260 ‚Die
183 4204 268 4260 Stella
286 4203 333 4259 bei
349 4201 420 4271 Scyl.
438 4219 466 4270 p.
486 4203 530 4263 37.
548 4200 620 4255 naoh
640 4199 758 4256 welaher
775 4199 846 4255 auoh
864 4201 893 4255 in
912 4200 1037 4273 Philipps
1054 4201 1192 4260 Zaitalter

89 4305 150 4367 eine
168 4303 255 4363 soor·
266 4303 381 4372 Smyrna
403 4300 510 4363 exietirt
535 4299 625 4357 haben
654 4301 721 4373 roll,
739 4301 776 4363 io
795 4300 881 4359 daher
898 4301 971 4361 wohl
989 4302 1116 4361 manns«
