2724 4950
657 420 698 485 27

131 593 175 656 ab
209 592 342 676 Alyatte
372 593 456 658 facta
485 597 556 659 tum
584 594 742 680 Smyrnae
775 597 1051 681 expugnationem
1084 597 1159 679 post
1190 615 1218 657 a.

132 710 199 774 610
222 709 372 773 accidisse
394 731 525 774 necesse
547 712 605 774 est.

222 824 309 900 Quae
333 827 442 889 omnia
465 825 526 890 hac
545 826 613 890 sola
635 826 847 903 renituntur,
870 825 956 909 quod
979 826 1055 889 solis
1076 825 1235 903 (16166116,ι

134 963 201 1025 qua
223 940 344 1006 bellum
367 941 452 1006 inter
474 939 582 1025 Lydos
604 963 640 1006 ac
663 935 773 1006 Medos
795 941 969 1007 diremtum
992 962 1059 1006 esse
1082 940 1227 1007 Herode·

136 1060 193 1121 tus
216 1056 250 1134 l,
277 1057 318 1121 74
341 1060 469 1132 narrat,
492 1058 528 1121 in
551 1079 672 1122 annum
695 1059 758 1122 610
780 1057 928 1122 incidisse
951 1057 1104 1121 statuitur
1118 1056 1151 1139 ¹).

225 1172 318 1248 Quod
340 1176 454 1238 contra
476 1175 579 1239 altera
601 1175 685 1239 ratio
706 1174 747 1238 ab
770 1174 841 1239 aliis
856 1174 881 1258 l)
910 1143 1144 1250 instituta'est,
1174 1194 1233 1237 se-

134 1288 277 1354 cundum
308 1311 404 1373 quam
435 1290 492 1354 illa
521 1289 656 1355 delectio
686 1312 714 1354 a.
743 1291 772 1354 d.
797 1288 837 1356 V.
862 1290 934 1355 Kal.
957 1290 1033 1356 Jun.
1058 1291 1136 1354 anni
1160 1290 1222 1354 585

137 1427 167 1468 a.
192 1404 226 1469 Ο.
248 1403 320 1483 luit,
343 1405 428 1468 unde
451 1405 667 1488 colligendum
690 1426 757 1469 esse
780 1408 878 1490 puto,
904 1428 944 1470 ex
962 1404 1012 1469 his
1034 1406 1227 1480 rationibus,

138 1543 223 1604 quae
257 1522 346 1606 ipsae
379 1521 441 1586 sibi
464 1523 666 1606 repugnent,
698 1521 778 1585 certi
810 1520 888 1608 quid
909 1521 1058 1585 concludi
1090 1520 1230 1585 dabelli

133 1635 252 1702 Medici
274 1638 380 1701 aetate
402 1659 470 1701 non
491 1657 593 1721 posse.

226 1751 341 1836 Neque
364 1752 468 1838 magis
499 1755 624 1817 certum
646 1753 714 1829 est,
745 1772 810 1835 quo
841 1753 988 1835 tempore
1011 1750 1149 1836 Smyrna
1172 1774 1226 1818 en-¹

136 1871 282 1954 pugnata
305 1869 356 1946 sit,
381 1875 576 1953 quamquam
598 1890 637 1935 ex
654 1869 840 1945 curatione,
865 1889 929 1951 qua
946 1867 1129 1933 Herodotus
1140 1867 1219 1951 111)-
1293 1875 1296 1882 '

142 1985 221 2049 attis
244 2007 294 2050 res
316 1989 424 2069 gestas
447 1987 622 2062 enumerat,
646 1984 836 2049 concludere
858 2006 1036 2069 possumus,
1060 1987 1134 2069 post
1155 1983 1224 2048 Me-

136 2101 245 2166 dicum
269 2101 390 2165 bellum
415 2101 542 2167 demum
565 2102 598 2165 id
620 2099 742 2166 factum
763 2122 841 2165 esse.

228 2215 348 2281 Lanius
371 2216 457 2294 inde,
476 2217 562 2300 quod
580 2216 707 2301 Bupalo
731 2215 887 2300 sculptori
901 2213 979 2280 Ohio
1002 2236 1021 2278 a
1043 2213 1229 2298 Smyrnaeis

137 2331 326 2396 mandatum
349 2335 408 2409 est,
431 2334 468 2395 ut
490 2329 676 2396 Gratiarum
692 2329 718 2414 3)
740 2352 778 2394 ae
796 2330 961 2396 Fortunae
973 2330 1000 2415 4)
1023 2331 1229 2394 6161666116-

139 2450 248 2532 geret,
282 2446 366 2512 elfici
396 2468 493 2530 posse
513 2447 620 2531 putat,
651 2444 823 2530 Smyrnam
853 2448 927 2530 post
956 2467 984 2510 a.
1008 2447 1073 2513 580
1099 2446 1228 2510 demum

139 2562 278 2627 deletam
302 2584 368 2627 esse
389 2598 434 2610 -·
455 2584 519 2646 qua
540 2563 575 2625 in
600 2583 635 2627 re
657 2561 741 2625 falsa
763 2561 916 2646 opinione
937 2562 1055 2625 nititur
1077 2582 1124 2638 ea,
1147 2562 1231 2626 eirca

140 2708 169 2751 a.
194 2686 257 2751 600
280 2685 443 2771 Bupalum
471 2688 584 2750 natum
607 2707 692 2762 esse,
723 2706 797 2750 cum
820 2684 993 2749 secundum
1023 2685 1230 2749 novissimam

138 2800 254 2866 Brunii
271 2799 297 2886 ⁵)
327 2801 486 2866 rationem
510 2802 595 2866 circa
618 2801 668 2866 Ol.
691 2802 732 2866 52
755 2801 776 2865 i.
799 2823 826 2865 e.
852 2801 915 2865 570
947 2821 975 2864 a.
999 2799 1073 2865 ehr.
1098 2801 1230 2866 ‘demum

117 2901 235 2981 ⁴natus
256 2918 299 2981 sit
317 2917 461 3000 -quod
483 2918 600 2994 censet,
624 2915 785 3001 Bupalum
797 2914 986 2999 Smyrnaeis
1007 2918 1130 2980 statues
1152 2937 1230 2981 oon·

138 3033 235 3098 ficere
265 3054 332 3096 uon
362 3032 505 3117 potuisse
537 3053 575 3095 ea
597 3033 720 3108 aetate,
753 3052 816 3114 qua
846 3029 995 3114 κωμηδὸν
1024 3031 1228 3096 incoluerint.

139 3146 202 3213 Sed
223 3147 485 3213 Mermnadarum
506 3148 704 3213 consuetudo
727 3150 812 3226 erat,
847 3147 970 3233 templa
1000 3167 1112 3262 eorum
1133 3148 1228 3234 oppi-

138 3264 253 3329 dorum
276 3286 359 3347 quae
383 3267 649 3348 expugnaverant
671 3285 738 3328 non
755 3263 860 3328 delere
875 3262 911 3348 ⁶).

212 3429 237 3498 1)
256 3427 291 3482 cf.
309 3427 423 3500 Francis
441 3427 519 3495 Baily
541 3426 571 3480 in
588 3417 792 3495 Philosophieul
814 3415 1013 3482 Transactions
1035 3433 1088 3483 cet.
1113 3429 1156 3483 for
1181 3428 1229 3484 the

138 3545 202 3599 year
221 3531 289 3582 1811
310 3545 338 3599 p.
358 3530 410 3583 269
428 3531 500 3599 part.
518 3527 546 3591 1,
564 3544 593 3598 p.
612 3529 755 3581 220-241
782 3531 810 3582 et
828 3527 1005 3582 Oltmauuur'n
1024 3529 1053 3582 in
1072 3529 1183 3584 Schrift.
1201 3529 1228 3584 d.

137 3629 208 3683 Berl.
227 3629 278 3684 Ak.
299 3631 452 3683 1812—13.
471 3657 504 3668 -
527 3625 627 3682 Bode'a
645 3631 747 3682 astron.
765 3627 861 3683 Jahrb.
880 3632 949 3684 1823
967 3648 995 3699 p.
1009 3629 1174 3686 ‘107-20a

209 3730 236 3799 2)
255 3727 347 3798 Zeoh,
374 3730 476 3781 astron.
492 3707 657 3782 Untersuolr.
679 3726 748 3781 fiber
772 3727 902 3799 wichtige
920 3727 1112 3784 Fiuaternisas.
1141 3730 1228 3785 Preie-

138 3828 234 3883 sohriso
258 3829 308 3884 der
326 3826 581 3882 Jablouosakisohen
601 3825 781 3882 Gerellaohaft
805 3827 855 3882 der
881 3827 1049 3883 Wiasensoh.
1075 3841 1108 3884 zu
1133 3830 1228 3902 Leipz.

139 3931 217 4000 1853,
235 3947 316 4001 quem
336 3928 442 3984 Curtius
462 3927 511 3984 Gr.
529 3928 627 3984 Geaeh.
646 3927 673 4000 1,
692 3945 721 3999 p·
741 3915 794 3986 473
806 3922 921 3986 ‘secutus‘
941 3934 992 3986 eat.

210 4029 523 4101 66616366.
975 4014 978 4019 ’

210 4131 237 4203 4)
253 4132 333 4187 Ρ666.
351 4129 406 4200 IV,
425 4112 522 4194 aaa.

208 4230 235 4302 5)
246 4222 478 4302 Ι1111661166666611.
496 4229 524 4298 1,
543 4248 570 4300 p.
591 4231 635 4284 88.

206 4333 235 4401 0)
253 4329 283 4387 iu
300 4331 374 4401 quod
392 4330 493 4386 Lanius
515 4331 574 4400 ipae
591 4330 733 4390 coneedit.
757 4349 820 4387 oum
839 4332 914 4388 dicat
933 4333 951 4386 1.
971 4339 997 4388 ei
1042 4334 1227 4404 ›Quamquam
