2724 4950
697 315 750 379 aa

179 504 219 550 eo
241 505 308 549 non
331 487 491 565 conditae,
513 486 623 551 eadem
646 487 781 569 rideturs
790 487 946 572 Smyrnae
969 489 1053 553 ratio
1070 509 1158 566 esse;
1180 511 1277 574 prae·

181 601 292 664 sertim
315 621 388 665 cum
417 624 459 666 ne
488 623 526 666 ea
556 603 689 685 quidem
721 603 842 686 oppida
864 604 983 680 omnia,
1019 625 1101 690 quae
1135 626 1175 669 ex
1203 606 1276 688 ejus

180 716 311 779 nornine
334 715 552 780 Alexandriae
575 715 757 800 appellatae
779 719 872 793 sunt,
905 739 939 781 re
969 740 1046 782 vera
1074 720 1117 784 ab
1137 741 1176 784 eo
1196 742 1277 787 con·

180 831 248 894 dita
271 831 353 907 sint,
378 830 432 894 sed
456 829 614 907 diadochi‚
640 831 696 913 qui
719 830 887 907 dicuntur,
910 832 1007 896 urbes
1030 833 1065 897 in
1088 833 1274 900 Alexandri

179 944 334 1010 honorem
347 947 417 1029 ejus
438 946 568 1010 nomine
584 946 834 1030 appellaverint:
856 945 946 1021 ἔδοξε
967 946 1028 1030 γὰρ
1042 945 1169 1030 εὐσεβὲς
1189 949 1276 1015 εἶναι

179 1059 251 1135 aeris
280 1058 504 1143 Ἀλέξανδρον
536 1059 789 1142 διαδεξαμένους
816 1061 938 1124 ἐκείνου
971 1048 1128 1146 πρότερον
1162 1063 1277 1138 κτίζειν

178 1177 366 1257 ἐπωνύμους
388 1167 498 1251 πόλεις
519 1175 583 1239 εἶθ’
604 1176 726 1240 ἑαυτῶν
740 1177 773 1261 1).

270 1293 345 1359 lam
375 1314 451 1359 vero
474 1291 646 1377 Smyrnam
674 1316 791 1359 novem
813 1295 932 1378 viginti
955 1295 1059 1362 stadia
1087 1318 1108 1360 a
1131 1298 1277 1380 pristina

178 1409 320 1476 abfuisse
351 1408 468 1475 Strabo
491 1411 604 1474 narrat
619 1408 658 1492 2);
689 1412 815 1493 partem
843 1411 911 1495 ejus
933 1409 1031 1474 fuisse
1060 1411 1094 1475 in
1118 1416 1231 1480 monta
1248 1411 1277 1498 ³)

173 1529 351 1604 structam,
374 1527 529 1610 majorem
552 1548 627 1590 vero
654 1527 781 1611 partem
802 1527 839 1590 in
856 1526 991 1610 planitie
1014 1549 1116 1612 prope
1140 1533 1273 1612 portum

181 1642 275 1706 sitam
299 1642 407 1706 fuisse.

267 1755 330 1823 Sed
359 1760 397 1821 ut
428 1759 533 1821 omnis
556 1755 713 1840 Smyrnae
735 1759 891 1822 memoria
923 1780 990 1822 non
1024 1759 1155 1845 integra
1176 1761 1276 1828 nobis

181 1874 308 1937 serrata
330 1875 394 1950 est,
428 1872 476 1935 ita
498 1872 573 1937 inde
595 1872 637 1936 ab
667 1872 735 1955 ejus
756 1873 990 1938 instauratione
1019 1896 1120 1958 usque
1142 1875 1184 1940 ad
1205 1879 1277 1941 An-

180 1972 281 2052 tiochi
304 1987 356 2065 ΙΙ,
380 1988 433 2052 oui
457 1986 540 2060 Θεός
562 2008 741 2071 cognomen
767 1987 878 2053 datum
901 1992 986 2066 erat,
1020 1992 1170 2075 tempora
1191 1992 1275 2058 urbs

178 2105 234 2193 ll¹
259 2105 529 2195 commemoratur
550 2104 613 2180 ita,
644 2107 682 2167 ut
703 2104 793 2168 urbis
824 2126 890 2168 non
913 2125 1065 2188 magnam
1087 2105 1188 2171 fuisse
1216 2128 1277 2171 au-

182 2222 367 2285 ctoritatem
390 2221 545 2304 colligere
576 2219 743 2303 possimus.
799 2219 921 2284 Tamen
945 2241 984 2284 ex
1005 2223 1186 2290 ceterarum
1218 2245 1277 2289 ur-

177 2338 268 2401 bium
283 2337 525 2402 conditionibus
541 2337 579 2401 de
594 2336 653 2399 hac
675 2357 803 2420 quoque
818 2337 898 2400 urbe
916 2336 1062 2419 judicare
1075 2336 1275 2416 nobislicet,

181 2475 277 2538 quam
313 2453 355 2517 ob
379 2474 447 2516 rem
469 2473 629 2536 quaenam
652 2473 762 2517 earum
791 2452 915 2517 fuerint
945 2452 1169 2536 respublicae
1192 2475 1276 2538 pau-

167 2572 228 2635 ·cis
251 2569 463 2653 inquiramus.

270 2685 379 2768 Atque
402 2684 443 2748 ab
465 2682 651 2748 Alexandro
673 2684 821 2766 quidem,
852 2687 1025 2767 postquam
1048 2685 1139 2751 Darii
1171 2688 1278 2763 saba-

164 2822 239 2886 upas
270 2799 472 2884 Graecosque
502 2799 730 2877 mercenarios,
763 2799 881 2887 quibus
910 2798 1064 2867 Memnon
1093 2801 1278 2886 praelectus

181 2919 271 2994 0001,
294 2917 334 2982 ad
357 2914 533 2980 Granicum
554 2937 583 2979 a.
606 2915 672 2982 334
693 2914 808 2981 vicerit
819 2914 864 3000 ⁴),
897 2914 1028 2983 Graecis
1050 2917 1187 2984 urbibus
1208 2920 1280 2983 suis

180 3105 236 3176 ΠΙ,
254 3124 282 3160 n.
302 3109 366 3161 199.
386 3108 446 3160 170.
467 3107 516 3158 171
538 3107 575 3157 et.
594 3103 683 3173 suppl.
702 3104 755 3174 Vl,
778 3106 837 3158 170.
874 3103 951 3158 Idem
972 3103 1044 3159 valet
1063 3104 1098 3159 da
1111 3105 1213 3161 Nicaea
1229 3106 1278 3161 Bi·

179 3206 290 3275 thynice
314 3185 436 3274 aliisque¹
452 3204 566 3258 urbibus
593 3203 628 3258 cf.
646 3203 889 3261 Raoul-Rocheue
908 3205 972 3259 hist.
1004 3205 1032 3258 d.
1051 3205 1103 3259 col.
1122 3223 1217 3276 grecq.
1234 3206 1277 3264 lv

175 3322 202 3376 p.
224 3309 275 3360 122
294 3323 352 3374 sqq.

253 3407 279 3474 1)
297 3406 388 3461 Strab.
407 3406 488 3470 XIII,
507 3424 534 3476 p.
554 3409 616 3462 593.
999 3452 1002 3459 .

249 3507 278 3573 2)
298 3506 315 3560 l.
334 3523 360 3560 0.
378 3506 413 3560 cf.
431 3507 568 3562 Prokescb
588 3507 700 3563 Wiener
716 3505 891 3561 Jahrbiicher
909 3506 1047 3581 uxvlu„
1078 3506 1276 3578 Anzeigcblatt

177 3627 205 3677 p.
227 3609 261 3661 55
281 3612 309 3661 et
326 3606 439 3661 Wellrer
456 3607 567 3676 Episch.
579 3607 687 3676 Cycl.I‚
706 3624 734 3675 p.
746 3605 798 3660 142
809 3606 872 3659 adn.
892 3608 944 3660 104
955 3634 1000 3673 ,-
1038 3606 1164 3668 Pocooke
1175 3607 1225 3670 ΙΙΙ,
1244 3626 1275 3677 p.

176 3709 220 3762 ὃὸ.
233 3737 263 3746 -
302 3705 438 3761 Chandler
457 3723 482 3761 0.
493 3705 530 3762 20
553 3724 582 3776 p.
602 3709 654 3761 100
672 3711 701 3759 et
711 3706 829 3761 Follows
839 3705 994 3760 Excufflon
1012 3705 1042 3759 'm
1053 3705 1118 3761 Asia
1136 3706 1227 3760 minor
1245 3725 1276 3776 p.

180 3810 214 3863 10
231 3822 289 3877 sqq.
310 3835 342 3849 ·-
381 3807 522 3862 Hamilton
540 3806 699 3863 researohea
716 3808 746 3863 iu
763 3807 828 3863 Asia
846 3806 937 3861 minor
960 3808 982 3858 1.
999 3823 1031 3878 p..
1047 3808 1093 3862 46.
1111 3823 1171 3876 sqq.

249 3909 280 3978 3)
292 3908 344 3977 Qui
363 3907 615 3976 110111011110000,
634 3925 668 3963 ax
685 3907 819 3963 Strabone
839 3906 934 3960 videro
951 3923 1006 3960 non
1024 3923 1185 3977 possumus;
1206 3906 1275 3960 For·

175 4007 287 4078 bigerus
303 4025 371 4064 varo
387 4007 408 4062 l.
425 4025 450 4062 0.
469 4008 588 4064 eundem
604 4008 685 4065 fuae
703 4011 797 4077 putat,
820 4023 901 4076 quem
919 4005 1022 4061 Plinius
1041 4005 1068 4080 b.
1087 4023 1116 4059 n.
1134 4006 1158 4063 V
1175 4006 1220 4070 29,
1240 4011 1276 4062 31

172 4107 333 4164 ernanum
349 4107 482 4178 appellat.

227 4207 445 4281 ,4111110οᾸ,
465 4209 511 4261 10.
529 4207 565 4262 of.
583 4205 700 4263 Diodor.
717 4206 810 4275 XVII,
828 4204 864 4261 20
884 4221 943 4274 sqq.
