2724 4950
717 64 733 79 ,

739 80 870 159 m„

131 470 249 532 temen
269 468 388 533 titulus
403 466 440 534 0.
461 467 550 534 lau.
574 492 607 534 n.
631 467 717 535 3155
739 468 921 535 luculenter
942 470 1048 549 dooet,
1071 470 1231 538 Artemidi

132 583 298 669 Ephesiae
320 582 479 668 templum
501 581 658 667 Smyrnae
680 587 901 649 eouseorutum
914 583 1070 670 ‚fuisse¹).

222 699 274 763 ille
295 704 416 778 eutem,
441 721 522 785 quae
544 699 731 767 Herodotus
744 700 769 786 ²)
791 702 886 766 uobis
908 700 948 766 de
970 702 1083 785 primis
1106 701 1231 766 civibus

100 804 104 811 ¹
132 815 295 900 Smyrnae
316 816 435 898 trudit,
459 815 672 881 a'Strobonis
692 819 882 881 testimonio
905 817 1041 881 omnino
1063 817 1229 895 differunt,

133 954 209 999 oum
232 933 261 997 is
277 930 450 1017 Smyrnam
471 932 507 996 in
521 931 748 998 Aeolioesrum
768 932 899 997 urbium
921 952 1058 997 numero
1072 931 1231 1016 referet-³)

133 1051 330 1134 narretque,
353 1051 479 1134 ‘postea
508 1049 637 1112 demum
665 1047 708 1112 ub
732 1048 866 1112 Ionibus
896 1052 1087 1134 oeoupotam
1109 1048 1228 1134 esset).

165 1204 168 1213 ‹
225 1164 426 1249 Colophonis
441 1164 528 1228 enim
543 1164 676 1241 incolas,
700 1164 757 1248 qui
771 1163 930 1229 seditione
952 1164 987 1232 iu
1011 1165 1118 1250 petria
1140 1169 1230 1229 moto

137 1282 225 1368 pulsi
247 1281 382 1358 fuerint,
405 1303 425 1344 a
442 1278 628 1364 Smyrnaeis
650 1281 687 1344 in
709 1279 824 1345 urbem
846 1283 1006 1366 reseptos,
1029 1301 1102 1349 eum
1118 1279 1230 1365 Smyr·

134 1399 210 1464 nesi
233 1398 298 1482 ipsi
319 1390 413 1462 extre
434 1396 551 1460 urbem
573 1395 721 1480 Dionyso
747 1396 816 1460 dies
836 1397 937 1462 festos
960 1399 1114 1484 agerent,
1147 1398 1228 1463 urbe

134 1515 179 1578 ab
209 1515 279 1578 illis
308 1514 421 1578 reliots
454 1514 578 1598 potitos
611 1534 680 1578 esse
712 1514 761 1591 et,
797 1534 870 1577 oum
904 1514 1005 1578 ueteri
1027 1513 1146 1578 Aeoles
1175 1535 1229 1578 oo-

135 1632 247 1716 gnetis
270 1630 336 1694 suis
358 1629 516 1695 auxilium
538 1629 710 1706 tulissent,
733 1627 849 1693 deinde
872 1650 946 1693 oum
969 1629 1019 1695 his
1042 1630 1227 1715 pactionem

134 1747 266 1826 fecisse,
300 1747 478 1812 seeundum
513 1768 611 1830 quam
644 1745 731 1810 bone
761 1746 892 1830 quidem
926 1747 1064 1811 Aeolum
1095 1747 1229 1812 reddere

135 1865 338 1946 debuissent,
362 1864 417 1929 sed
437 1864 551 1929 urbem
574 1864 678 1949 ipsam
700 1864 918 1929 retinuissent.

226 1981 348 2057 Quodsi
370 1980 555 2047 Herodotus
587 1978 757 2064 Smyrnam
789 1981 824 2044 in
856 1980 1062 2046 Aeolieurum
1097 1981 1225 2045 urbium
1297 1961 1299 1965 i

134 2118 273 2163 numero
283 2096 408 2175 refert,
421 2114 490 2161 non
505 2098 662 2181 sequitur,
684 2099 722 2160 ut
739 2097 781 2161 ab
799 2095 956 2162 Aeolibus
972 2119 1043 2162 eam
1065 2098 1227 2162 eonditum

135 2235 203 2279 esse
232 2215 376 2292 constet,
410 2212 466 2276 sed
502 2232 541 2276 ex
563 2211 622 2276 illo
646 2212 717 2276 loeo
736 2211 822 2276 nihil
844 2214 981 2297 apparet
1002 2213 1065 2277 nisi
1088 2232 1145 2298 per
1166 2213 1227 2276 eli·

135 2333 295 2415 quantum
321 2330 477 2416 temporis
501 2350 572 2392 eem
586 2327 722 2393 Aeolioo
745 2326 866 2393 foederi
889 2329 1085 2415 adscriptam
1108 2330 1227 2408 fnisser

135 2447 169 2511 id
196 2445 283 2531 quod
307 2447 353 2510 eis
375 2446 576 2531 temporibus
599 2446 726 2511 videtur
747 2444 869 2510 fautum
891 2466 1087 2524 esse,1cum
1110 2445 1227 2512 Aeoles

134 2561 272 2627 Ionibus
294 2561 395 2647 pulsis
416 2563 530 2628 urbem
553 2564 741 2628 obtinerent
750 2560 786 2648 5).

210 2704 239 2774 1)
257 2705 290 2758 In
308 2705 439 2775 Smyrnae
458 2706 578 2760 nummis
594 2707 713 2761 Artemis
731 2709 760 2761 et
778 2706 876 2776 Apollo
894 2724 949 2761 une
966 2710 1135 2777 comparent,
1153 2705 1227 2761 velut

134 2806 164 2860 in
180 2823 233 2876 es,
260 2820 342 2876 quem
359 2806 485 2860 Mionnet
502 2807 631 2877 desoript.
650 2807 699 2860 dos
718 2807 861 2862 medeilles
880 2812 937 2861 ont.
956 2812 1015 2862 tom
1032 2807 1088 2871 ΙΙΙ,
1106 2825 1136 2862 n.
1156 2808 1224 2860 1123

135 2913 349 2977 commemoret,
372 2909 421 2963 ubi
444 2908 473 2962 in
498 2909 591 2965 fronte
604 2906 754 2964 Artemidir
772 2914 858 2978 eaput
875 2926 929 2964 uua
948 2927 1012 2964 oum
1029 2927 1095 2963 eron
1111 2912 1140 2962 et
1157 2905 1226 2976 pbs-
1282 2980 1285 2989 Ι

132 3015 223 3075 retro,
241 3029 260 3066 ο,
280 3015 360 3082 tergo
377 3011 477 3081 Apollo
496 3029 558 3066 oum
578 3015 674 3080 petere
691 3011 721 3065 in
738 3011 843 3075 dextre,
861 3010 1001 3065 sinistrum
1019 3026 1084 3065 vero
1103 3008 1225 3064 cubitum
1249 3044 1251 3048 -

132 3113 162 3167 in
187 3112 249 3182 lyru
268 3112 384 3181 ,fulciens
407 3113 524 3169 videtur.
562 3112 649 3180 Quem
668 3113 704 3167 ed
721 3112 892 3193 Artemidem
909 3111 985 3166 haud
1002 3109 1060 3164 seio
1078 3127 1114 3165 au
1126 3107 1225 3179 hymni

132 3213 274 3269 Homerici
290 3214 356 3269 noni
374 3214 404 3276 hi
421 3231 515 3269 versus
533 3214 672 3269 referendi
691 3216 760 3268 sint:

238 3314 358 3386 Ἄρτεμιν
375 3311 468 3385 liparea,
486 3315 598 3378 Μοῦσα,
619 3314 777 3385 κασιγνήτην
790 3313 920 3376 Ἑκάτοιο,

242 3417 382 3484 παρθένον
399 3417 556 3486 ἰοχέαιραν,
577 3416 733 3487 ὁμότροφον
750 3416 922 3478 Ἀπόλλωνος,

173 3514 176 3519 ’
242 3513 258 3581 ἥ
276 3517 304 3569 θ’
322 3514 421 3577 ἵππους
440 3515 546 3586 ἄρσασα
565 3521 761 3588 βαθυσχοίνοιο
783 3517 898 3582 Μέλητος

243 3618 334 3692 ῥίμφα
350 3618 398 3672 otu
417 3620 545 3690 Σμύρνης
562 3617 735 3690 παγχρύσεον
756 3615 833 3689 όρμα
852 3615 944 3670 donno

241 3722 267 3782 ἔς
279 3723 391 3793 Κλάρον
410 3719 612 3801 ἀμπελόεσσαν,
631 3717 675 3772 ὅθ’
693 3718 876 3792 ἀργυρότοξος
890 3717 1025 3773 Ἀπόλλων

240 3813 315 3889 ἧσται
331 3810 478 3895 μιμνόζουν
496 3820 655 3891 ἑκατηβόλον
674 3808 830 3893 όοχὲαυρανζ

209 3920 236 3994 2)
256 3925 284 3990 1,
302 3925 367 3982 149.

208 4023 235 4095 3)
253 4025 288 4083 ef.
305 4025 384 4082 Peus.
402 4025 469 4095 VII,
486 4027 513 4082 ὅ.

208 4126 237 4196 4)
256 4126 292 4183 ol.
310 4127 389 4181 Pauo.
407 4124 475 4181 ibid.

208 4227 235 4296 δ)
253 4226 288 4284 ol.
307 4226 398 4283 snat.
416 4227 435 4280 l.
452 4244 477 4283 o.
