2724 4950
607 280 649 345 47

84 451 228 516 Aristide
250 453 380 516 auctore
409 451 450 515 ab
473 452 667 536 imperatore
688 451 836 517 Romano
867 453 978 517 eodem
1000 453 1035 517 in
1056 453 1128 516 loco
1142 451 1166 536 ¹)
1186 462 1193 478 ‘

82 568 236 631 rest'tuta
259 568 309 630 est
322 565 366 649 ἧς
390 587 486 649 quam
509 565 551 629 ob
574 588 642 630 rem
665 565 824 631 Aristides
847 589 970 632 summo
992 567 1065 650 jure
1088 565 1169 628 ολιιι-

83 681 153 764 στής
167 680 397 745 nominabatur
414 679 439 763 ⁸)
462 701 508 756 ac,
533 701 605 743 cum
620 679 733 744 Italiae
757 683 790 744 et
806 680 958 746 Graeciae
976 684 1010 746 et
1025 681 1166 766 Aegypt‘

83 795 199 861 Graeci
223 795 360 860 Aristidi
382 797 521 859 statuam
544 796 752 860 constituturi
776 799 891 875 essent,
916 795 1085 880 Smyrnaei
1108 798 1168 861 hu·

78 911 131 994 jus
153 912 201 975 rei
222 934 288 976 non
321 912 466 995 expertes
489 910 637 988 fuerunt,
666 912 719 976 sed
743 912 777 975 in
800 913 943 997 ipsorum
973 913 1044 978 foro
1068 913 1168 976 collo·

81 1027 215 1091 eandam
237 1051 307 1093 eam
330 1030 485 1092 curarunt
497 1027 533 1112 4).

167 1143 280 1226 Itaque
302 1141 423 1206 factum
445 1146 509 1220 est,
538 1144 576 1206 ut
599 1141 737 1226 Smyrna
759 1144 837 1207 urbs
859 1151 995 1229 'prorsus
1017 1143 1166 1208 restitue·

80 1261 186 1334 retur3
210 1261 308 1342 atque
330 1259 463 1323 fortuna
485 1262 517 1324 et
539 1260 681 1324 conditio
706 1260 774 1343 ejus
795 1282 896 1345 usque
920 1260 960 1324 ad
981 1259 1165 1325 Romanum

80 1374 252 1459 imperium
282 1374 420 1439 divisum
454 1375 564 1439 eadem
585 1375 722 1452 mansit,
757 1376 831 1459 post
864 1375 951 1458 quod
973 1374 1165 1459 Byzantinis

80 1488 255 1554 distributa
277 1488 415 1574 Smyrna
438 1492 495 1554 est.

167 1602 229 1668 Sed
260 1604 339 1669 haec
370 1606 536 1669 hactenus.
593 1603 642 1669 De
674 1604 715 1667 iis
738 1604 824 1669 enim
853 1605 1054 1689 temporibus
1084 1627 1165 1690 quae

78 1721 258 1801 sequuntur
280 1721 344 1784 alio
367 1721 437 1785 loco
460 1721 573 1785 dicam.

78 1937 226 2004 απιύλονιο,
242 1939 361 2010 Ἐφέσιοι
381 1940 409 1994 δὲ
427 1940 474 1994 καί
492 1942 647 2010 Σμυρναῖοι
665 1939 728 2009 παρ’
749 1939 876 2006 ἀλλήλους
895 1943 973 1994 ἔθεον
991 1941 1149 2014 θορυβούμε

78 2059 134 2102 νοι,
153 2039 167 2104 ἧ
186 2040 214 2093 δὲ
233 2043 354 2111 συνέχεια
372 2037 514 2111 θαυμαστὴ
532 2041 579 2094 καί
595 2041 647 2093 τοῖν
665 2041 782 2112 σεισμῶν
800 2041 846 2093 καί
862 2041 913 2094 τῶν
931 2044 1035 2110 φόβων.
1071 2043 1114 2097 Ad
1133 2059 1165 2097 ea

76 2139 210 2194 Aristides
228 2143 313 2196 verba
331 2142 406 2198 haud
415 2145 471 2198 scio
484 2162 520 2198 an
534 2143 670 2198 referendi
688 2149 750 2198 sunt
767 2161 861 2198 versus
874 2144 903 2196 hi
921 2144 1042 2213 (Σιβυλλ.
1056 2151 1122 2216 Any.
1136 2151 1166 2200 Γ.

78 2256 104 2293 v-
124 2242 201 2309 306):

214 2337 285 2400 Ἥξει
304 2342 358 2410 γὰρ
378 2344 493 2412 Σμύρνα
512 2343 557 2394 ἑόν
574 2345 704 2394 κλαίουσα
724 2344 883 2413 Λυκοῦργον

224 2441 273 2496 nte
287 2438 410 2508 Ἐφέσοιο
425 2439 529 2504 4πύλας,
548 2441 594 2493 καί
613 2441 676 2507 adri,
693 2439 798 2512 μᾶλλον
815 2442 923 2495 ὀλεῖται.

76 2537 112 2593 of.
132 2537 215 2592 etiam
235 2541 341 2607 assu.
359 2523 432 2611 ,ιογζ
446 2549 474 2592 r.
492 2559 517 2596 v.
537 2545 590 2597 scs
608 2542 648 2595 111
668 2543 730 2596 341.
749 2542 782 2595 v.
806 2546 864 2597 121.

151 2670 176 2739 1)
194 2669 228 2723 cf.
246 2671 330 2726 Arist.
348 2672 484 2724 Παλινωύ.
510 2671 554 2724 ἐπί
572 2677 677 2743 Σμυρν.
695 2673 773 2726 XXI:
800 2674 867 2742 τρίτη
887 2670 916 2724 δὲ
930 2670 992 2742 χείρ
1008 2670 1060 2723 τῶν
1078 2671 1165 2724 πάντα

74 2768 209 2820 νικώντων
228 2769 358 2836 ἀνίστησι,
384 2769 428 2837 τήν
452 2771 532 2837 αύιῆν
550 2771 596 2824 καί
621 2775 768 2837 συντίθησι,
794 2777 952 2842 μεταθεῖναι
973 2769 1095 2843 μὲνγὰρ
1115 2775 1164 2824 οὐκ

75 2867 198 2940 ἠξίωσεν,
217 2871 293 2940 ἔρωτι
309 2873 352 2932 τῆς
369 2870 540 2940 ὑπαρχούσης
558 2873 584 2922 οί
602 2871 631 2924 δὲ
649 2870 693 2923 ent
711 2848 762 2923 τῶν
779 2871 863 2942 tyras
880 2873 1038 2942 ἐγείρουσιν.

149 2973 176 3035 2)
195 2971 230 3025 cf.
248 2971 377 3025 Philostr.
396 2972 444 3026 vit.
463 2971 581 3041 Scphist.
599 2990 627 3042 p.
648 2973 701 3025 252
719 2973 761 3026 ed.
771 2971 882 3040 Kayser.
901 2973 964 3026 urbi
982 2971 1070 3026 denuo
1089 2972 1163 3026 aedi·

76 3069 199 3125 ficandae
215 3072 401 3127 Demochares
420 3072 580 3142 Smyrnaeus
598 3073 752 3143 praefectus
777 3077 836 3127 erat
855 3077 935 3142 atque
953 3074 1025 3128 cives
1044 3076 1163 3127 statuam

74 3172 100 3224 ei
120 3170 174 3225 hoc
192 3171 272 3226 titulo
290 3173 452 3243 inscriptam
470 3175 685 3230 constituerunt:

217 3274 380 3344 „Aapoydpr
396 3275 547 3344 κλυτόμητι,
566 3275 721 3338 δικασπύλε,
741 3274 783 3327 σοί
801 3275 858 3327 uide
876 3274 964 3333 κῦδος.

210 3359 277 3422 ‘'Orrr
294 3390 324 3440 ys
342 3372 388 3436 τὴν
406 3373 538 3441 Σμύρναν
555 3372 620 3445 μετα
638 3377 729 3444 λοίγια
748 3373 856 3443 πήματα
874 3373 999 3444 σεισμοῦ,

214 3467 380 3540 Ἐσσυμένως
397 3472 502 3524 navtur
506 3510 514 3534 ,
540 3465 619 3532 αὖθις
637 3474 716 3525 πόλιν
733 3475 897 3534 ἐξετέλεσσας.

72 3568 233 3640 (Antholog.
258 3570 421 3640 epigramm.
449 3571 498 3625 lib.
521 3572 567 3630 IV.
591 3573 625 3626 ef.
645 3574 772 3644 οίκονομ.
801 3573 937 3643 αύιοσχεύ.
963 3573 1077 3643 διατριβ.
1100 3577 1162 3645 περί

73 3669 202 3741 Σμύρνης
220 3688 248 3739 p.
268 3674 311 3725 20.

148 3770 175 3840 3)
195 3770 322 3824 Philostr.
341 3771 362 3825 1.
379 3788 404 3827 ο.

144 3869 172 3938 4)
191 3871 268 3925 Idem
287 3872 306 3925 l.
325 3889 351 3927 c.
