2724 4950
747 527 788 590 22

221 701 331 766 cerdos
354 702 553 785 gubernator
581 723 681 785 prope
703 700 956 784 gubernaculum
988 699 1120 764 sedebat
1138 698 1177 781 1);
1210 698 1304 778 atque

222 816 346 880 nummi
369 818 542 881 memoriae
566 839 662 881 causa
684 817 752 881 cusi
774 818 851 880 sunt
880 817 903 900 ).

308 930 370 996 Sed
399 952 471 995 cum
509 931 643 995 Ionibus
672 931 788 1015 pulsis,
825 931 881 1014 qui
912 928 1083 1012 Smyrnam
1119 948 1306 1011 recuperem

222 1069 347 1132 semper
375 1047 581 1131 cupiverant,
611 1046 742 1110 landem
767 1046 971 1131 contigisset,
999 1048 1036 1107 ut
1058 1066 1077 1106 a
1099 1043 1309 1128 Colophoniis

222 1163 325 1246 adjuti
355 1161 472 1227 Aeoles
502 1162 702 1248 depellerent
736 1161 790 1248 (cf.
816 1185 847 1246 p.
873 1162 923 1225 13.
947 1159 977 1224 h.
1002 1160 1106 1244 diss),
1139 1158 1200 1223 hac
1232 1159 1309 1223 urbe

223 1276 339 1343 Aeoles
358 1299 535 1362 numquam
557 1279 676 1343 iterum
698 1278 796 1364 pot'ti
816 1280 892 1342 sunt
920 1279 942 1362 ).

309 1392 352 1458 Et
375 1415 571 1478 quamquam
593 1394 719 1459 disertis
740 1395 847 1459 verbis
876 1394 970 1458 nobis
986 1415 1051 1457 non
1074 1393 1123 1457 est
1144 1391 1311 1469 traditum,

224 1509 353 1595 quando
373 1508 468 1574 Iones
489 1509 602 1575 urbem
625 1511 818 1596 receperint,
841 1514 951 1575 tamen
973 1532 1012 1574 ex
1028 1508 1187 1573 Pausania
1200 1506 1227 1593 4)
1248 1507 1315 1572 col·

222 1625 320 1711 ligere
343 1648 527 1711 possumus,
554 1627 623 1710 jam
644 1631 720 1692 ante
743 1626 843 1712 Gygis
863 1626 1028 1712 Lydorum
1058 1626 1144 1711 regis
1173 1626 1314 1689 aetatem

224 1742 257 1806 id
281 1741 402 1808 factum
424 1764 509 1819 esse3
533 1742 587 1808 hic
610 1766 685 1810 vero
709 1744 749 1808 ad
772 1765 906 1828 regnum
928 1765 1013 1807 anno
1038 1743 1100 1808 719
1124 1763 1152 1804 a.
1176 1739 1209 1805 C.
1240 1761 1315 1825 per-

224 1858 315 1922 venit
329 1855 365 1943 5).
417 1857 505 1923 Idem
529 1858 705 1923 Pausanias
727 1859 792 1924 alio
815 1858 925 1944 10000)
948 1859 1027 1924 dicit
1045 1856 1094 1922 Ol.
1119 1858 1160 1920 23
1184 1886 1226 1913 =
1250 1856 1315 1920 688

225 1995 253 2036 a.
277 1972 310 2038 C.
337 1971 550 2040 Onomastum
572 1975 743 2059 quendam,
769 1974 906 2059 Smyrna
929 1974 1109 2056 oriundum,
1131 1994 1213 2056 quae
1237 1971 1316 2036 urbs

222 2065 290 2173 jani
313 2090 384 2152 tum
407 2090 520 2154 Ionica
542 2089 656 2167 fuerit,
688 2091 857 2155 victoriam
880 2088 1048 2175 Olympiae
1072 2093 1264 2175 reportasse.

314 2203 389 2271 Jam
418 2228 493 2271 vero
520 2204 616 2270 Iones
648 2209 839 2291 recuperata
869 2206 950 2281 urbe
973 2205 1109 2289 Smyrna
1142 2206 1179 2268 ut
1207 2206 1318 2269 cetera

227 2321 347 2407 oppida
377 2321 490 2386 donica
521 2343 638 2406 magna
661 2322 850 2388 dominandi
879 2321 1055 2406 cupiditate
1084 2341 1198 2405 regum
1220 2318 1320 2404 Lydi·

229 2459 321 2502 orum
344 2437 553 2521 urgebantur.
600 2436 653 2503 Sic
675 2437 791 2522 Gyges,
815 2436 947 2522 Dascyli
961 2437 1057 2514 filius,
1081 2434 1194 2500 Mileto
1217 2437 1318 2519 atque

229 2553 384 2637 Smyrnae
419 2552 540 2616 bellum
573 2552 685 2617 intulit
729 2554 992 2638 expugnavitque
1036 2551 1256 2636 Colophonem
1270 2549 1315 2635 ἵ);

228 2668 397 2753 Smyrnaei
420 2670 528 2732 autem
549 2670 616 2732 tam
639 2667 769 2733 fortiter
791 2674 905 2734 contra
926 2691 1000 2734 eum
1021 2669 1258 2754 pugnaverunt,
1282 2670 1320 2731 ut

226 2808 299 2852 eum
320 2784 474 2869 fugarent
491 2782 516 2870 8)
537 2807 658 2869 suaque
680 2785 783 2849 virtus
812 2786 847 2850 in
868 2784 1031 2870 proverbii
1053 2783 1320 2849 consuetudinem

227 2901 352 2967 veniret
380 2902 402 2986 ).

313 3015 399 3082 Nam
433 3016 517 3082 bello
540 3014 699 3081 Messenio
732 3016 872 3081 secundo
896 3015 1115 3080 Aristomenes
1148 3036 1185 3079 ac
1208 3014 1320 3080 Theo·

227 3133 296 3200 elus
328 3131 560 3198 Messeniorum
596 3132 722 3197 animos
755 3154 793 3197 ea
826 3154 860 3197 re
894 3131 1095 3197 inflammare
1131 3131 1317 3210 studebant,

301 3315 327 3385 1)
345 3316 381 3371 cl.
398 3315 488 3370 Arisd.
507 3321 613 3386 Σμορν.
637 3316 698 3368 πολ.
721 3316 749 3387 Ι,
777 3333 806 3387 p.
826 3319 895 3385 37³3
924 3316 961 3373 id.
985 3333 1087 3388 προοφ.
1105 3317 1131 3381 1,
1162 3334 1191 3386 p.
1210 3318 1266 3374 440
1287 3347 1319 3356 -

226 3416 355 3472 Philostr.
372 3417 420 3473 vit.
438 3417 516 3487 soph.
535 3417 562 3481 Ι,
583 3419 633 3472 251
655 3418 690 3472 ed
708 3419 819 3489 Kayser.

302 3518 328 3588 2)
346 3518 382 3573 cf.
399 3517 506 3573 Eclrhel
524 3517 558 3571 D.
576 3517 611 3573 N.
629 3517 662 3575 V.
681 3518 709 3582 1,
728 3522 754 3572 2.
773 3536 801 3588 p.
820 3521 883 3573 553.

300 3621 328 3684 3)
344 3619 454 3682 Miller,
474 3618 522 3675 Gr.
541 3618 655 3674 Literat.
675 3618 773 3676 Gesch.
792 3620 821 3690 1,
842 3637 871 3690 p.
891 3623 938 3676 74.

299 3721 327 3790 4)
346 3719 400 3784 IV,
421 3723 464 3790 21,
484 3723 509 3775 s.

298 3819 326 3889 5)
343 3818 378 3874 ef.
400 3819 530 3874 Dunelrer
548 3819 646 3874 Gesch.
664 3818 692 3873 d.
711 3818 827 3872 Alterth.
847 3817 887 3887 11,
906 3835 932 3886 p.
952 3821 1016 3874 514.
1034 3819 1104 3873 Anm
1133 3822 1158 3872 4.

301 3924 327 3987 6)
344 3920 383 3988 V,
403 3922 433 3983 8,
453 3922 479 3973 7.

297 4022 325 4092 7)
342 4021 379 4078 cl.
398 4020 501 4076 Herod.
520 4021 547 4088 I,
570 4022 612 4074 14.

299 4125 327 4194 8)
345 4123 425 4177 Paus.
444 4121 498 4184 IV,
518 4123 571 4190 21,
589 4121 615 4175 5.

299 4223 326 4293 9)
345 4225 511 4295 Σμυρναίων
523 4218 553 4274 ui
563 4221 715 4293 τολμήματα
724 4220 804 4275 Paus.
817 4219 864 4284 IV,
875 4223 919 4290 21,
938 4223 963 4276 3.
976 4250 1007 4260 -
1039 4223 1196 4291 Σμυρναῖος
1206 4220 1323 4291 ορόποςε

226 4325 307 4381 Arist.
326 4325 353 4393 1,
379 4343 406 4395 p.
430 4326 482 4381 373
509 4320 572 4376 ὥστε
596 4321 711 4376 καὶτῶν
728 4319 842 4388 ποιητῶν
860 4320 908 4386 ἤδη
926 4320 977 4374 νοοῖ
994 4320 1153 4393 Σμυρναῖον
1177 4322 1279 4390 τρόπον
1295 4327 1323 4378 οδ

226 4427 341 4479 τοιοῦτον
365 4423 503 4497 &piceam
527 4425 557 4480 id
581 4424 655 4496 quod
671 4424 786 4481 fortasse
804 4423 840 4479 sd
857 4423 1051 4480 Mimnermum
1075 4423 1251 4480 referendum
1270 4431 1321 4484 est.
