2724 4950
553 380 698 483 'rr

130 593 268 678 poribus
290 591 356 657 sibi
380 594 597 656 serraverunt.
649 589 734 656 Nam
755 613 827 656 cum
850 590 988 657 Romani
1020 593 1139 658 bellum
1164 617 1221 679 ge·

132 710 247 774 retent
269 707 387 772 contra
408 704 627 772 Aristonicum
650 706 754 770 filium
776 707 915 772 nothum
936 707 1090 772 Eumenis
1111 707 1142 773 Π
1173 714 1223 774 at·

133 845 200 908 que
213 821 322 889 Attali
338 820 389 888 ΠΙ
411 820 544 887 fratrem
563 843 631 886 non
646 821 840 908 legitimum,
863 823 919 908 qui
940 823 1052 889 fratris
1073 846 1220 911 reguum,

136 939 230 1024 cujus
251 937 385 1004 heredes
407 937 535 1002 Attalus
556 935 720 1003 Romanos
742 960 770 1003 a
795 940 858 1004 133
880 962 910 1004 a.
928 938 962 1006 (l.
985 941 1172 1007 instituerat
1189 945 1223 1031 ¹),

135 1074 234 1119 sunm
247 1052 445 1131 vindicabat,
461 1050 630 1136 Smyrnaei
649 1073 722 1118 cum
736 1075 757 1117 a
767 1053 987 1121 Romanorum
1000 1057 1148 1143 partibus
1158 1063 1224 1124 sta·

135 1173 224 1250 rent,
246 1190 363 1257 graves
385 1169 566 1235 obsidiones
577 1169 725 1235 tulerunt
739 1168 934 1257 fortiterque
948 1179 1174 1259 pugnauerunt
1187 1174 1222 1262 ¹).

227 1284 336 1381 Quum
365 1284 402 1352 in
432 1280 542 1352 eodem
570 1285 656 1352 bello
678 1284 900 1354 Romanorum
929 1290 1020 1355 ducis
1048 1290 1085 1355 P.
1108 1289 1225 1360 Licinii

139 1401 246 1470 Crassi
282 1401 449 1467 interfecti
481 1404 579 1489 eaput
610 1402 797 1470 Aristonico
826 1406 1022 1484 traderetur,
1056 1407 1225 1492 Smyrnaei

144 1542 264 1609 corpus
290 1521 359 1607 ejus
381 1520 596 1587 humaverunt
609 1520 645 1607 Ι).

228 1639 355 1705 Deinde
388 1659 461 1702 cum
491 1639 649 1703 tumultus
683 1640 718 1702 in
749 1638 845 1704 Italia
865 1639 936 1724 ipsa
966 1640 1158 1705 exsisterent
1192 1639 1227 1705 in

140 1754 228 1821 bello
251 1752 461 1839 sociorum⁴)‚
486 1751 625 1839 Smyrna
647 1753 802 1820 Romanis
824 1756 982 1820 auxilium
1001 1757 1116 1820 navale
1139 1758 1226 1823 tulit.

144 1869 237 1946 Quod
268 1890 346 1936 vero
379 1866 416 1933 P.
447 1867 608 1934 Rutilium
637 1868 743 1935 Roma
770 1872 939 1957 depulsum
973 1873 1014 1956 (a.
1039 1873 1081 1937 93
1111 1872 1162 1937 vel
1185 1875 1227 1938 92

143 2008 174 2053 a.
196 1987 245 2073 Ο.)
260 1982 286 2072 ⁵)
308 1985 441 2052 civitate
471 1987 652 2071 donarunt,
694 2008 761 2053 uon
783 1989 999 2065 demonstrat,
1037 1987 1228 2073 Smyrnaeus

143 2102 367 2172 Romanorum
389 2103 508 2169 amicos
529 2124 598 2168 esse
620 2103 767 2182 desiisse3
788 2106 886 2169 immo
909 2125 984 2168 vero
1008 2106 1131 2188 postea,
1156 2124 1229 2166 cnm

143 2218 285 2287 Romani
306 2217 558 2297 intellexissent,
589 2217 625 2283 P.
647 2218 808 2284 Rutilium
838 2217 957 2302 injuria
979 2217 1229 2282 condemnatum

144 2358 222 2416 esse,
244 2334 414 2421 Smyrnaei
435 2336 506 2400 ideo
530 2335 658 2400 abillis
680 2333 802 2399 laudati
824 2335 901 2398 sunt
913 2332 948 2417 ⁰).

230 2452 387 2538 Magnum
415 2453 553 2538 denique
585 2455 635 2517 est
663 2453 907 2527 documentum,
937 2455 1137 2536 quantopere
1158 2448 1224 2515 Ro-

145 2591 315 2640 manorum
335 2568 434 2635 rebus
454 2569 610 2646 faverint,
639 2569 726 2653 qnod
747 2566 790 2633 Μ.
815 2565 931 2633 Porcio
952 2566 1073 2635 Catone
1096 2567 1227 2633 consule

144 2686 218 2752 urbi
243 2686 321 2771 (195
356 2707 385 2749 a.
415 2684 464 2770 O.)
478 2683 505 2770 ⁷)
530 2684 652 2750 Romae
682 2685 841 2770 templum
871 2685 969 2769 primi
998 2683 1147 2769 gentium
1177 2705 1232 2749 ex·

141 2805 287 2868 terarum
300 2803 541 2879 consecrarunt,
564 2821 637 2866 cum
650 2801 871 2865 Romanorum
892 2800 1065 2882 imperium
1087 2798 1231 2863 noudum

144 2938 275 3004 prorsus
299 2917 525 2983 confirmatum
549 2918 633 2982 esset
646 2914 684 3002 8);
718 2937 817 3000 quam
839 2915 882 2979 ob
915 2935 985 2978 rem
1015 2935 1139 2978 summo
1159 2913 1231 2997 jure

145 3032 256 3103 cicero
277 3031 362 3099 Phil.
386 3030 435 3113 II,
466 3035 486 3098 2
509 3031 703 3119 Smyrnaeus
725 3031 929 3098 fidelissimos
950 3033 1048 3116 atque
1071 3030 1232 3114 antiquis·

142 3152 244 3243 sirpus
265 3151 369 3219 socios
391 3150 543 3239 appellat.

130 3403 134 3447 ;
218 3383 245 3452 l)
262 3381 402 3439 Plutarch.
421 3381 483 3438 Tib.
498 3380 597 3439 (trech.
615 3397 641 3438 c.
656 3381 699 3436 14.
715 3408 742 3417 -
761 3378 832 3450 App.
844 3378 910 3432 bell
921 3375 1045 3433 Mithrid.
1071 3393 1095 3432 c
1114 3380 1148 3432 62
1167 3375 1234 3430 bell.

138 3488 197 3551 civ·
214 3485 249 3545 V·
268 3487 295 3547 4·
314 3513 346 3522 -
374 3483 450 3539 Flor.
467 3483 490 3546 Ι,
508 3482 554 3539 35.
573 3484 617 3538 13.
644 3480 688 3537 ed.
707 3479 800 3536 Halm.
820 3509 852 3520 -
878 3478 938 3534 Liv.
957 3495 1001 3547 ep.
1019 3478 1064 3531 59.
1102 3505 1132 3514 -
1163 3474 1235 3531 Vell.

135 3585 307 3654 sacrun,
326 3587 353 3640 4.

217 3687 246 3756 a)
264 3684 376 3741 Arnen
395 3684 425 3754 1,
444 3684 506 3739 crs.
542 3665 544 3670 ’

215 3787 244 3857 3)
262 3785 297 3842 cf.
315 3785 432 3855 Eutrop.
449 3784 503 3849 lv,
521 3781 566 3838 20.
590 3811 617 3824 ψ
639 3779 751 3836 Aristid.
769 3780 788 3834 l.
808 3795 832 3834 c.

215 3888 243 3960 4)
261 3905 287 3942 a.
304 3890 353 3942 90·
364 3888 412 3941 -87
431 3902 455 3940 e.
475 3885 504 3940 6.
522 3884 611 3939 Tacit.
629 3899 693 3965 eun.
711 3881 764 3947 IV.
783 3880 817 3933 56
837 3876 871 3934 cf.
888 3877 1003 3947 interpr.
1021 3869 1188 3944 Nipperdey.

216 3991 244 4060 5)
263 3987 298 4044 ct.
317 3987 476 4058 Nipperdey
493 3984 530 4040 ad
547 3962 635 4040 Tacit.
654 3999 717 4038 anu.
734 3981 790 4055 ΙΙΙ,
809 3980 854 4034 66.

217 4089 247 4160 6)
266 4088 302 4145 ct.
320 4087 408 4157 Tacit.
427 4103 492 4163 eun.
509 4085 561 4148 lv,
580 4086 625 4139 43.

214 4193 246 4260 7)
264 4189 299 4247 ci.
317 4166 475 4259 Nipperdey
492 4185 528 4239 ad
545 4182 633 4238 Tacit.
655 4198 717 4236 auu.
735 4179 789 4250 IV,
809 4179 853 4232 66.

213 4291 244 4363 6)
264 4289 299 4346 cf.
317 4289 392 4345 idem
410 4303 473 4342 ann.
491 4286 546 4351 lv.
564 4284 608 4341 66.
725 4355 730 4367 ,
