2724 4950
623 920 658 1049 L.
687 928 689 933 ,

65 1133 110 1202 ln
128 1127 264 1224 Lysiae
283 1135 373 1198 orat.
385 1127 448 1197 ΙΙΙ
463 1125 493 1220 ἓ.
508 1124 553 1195 18
575 1124 710 1196 codicis
731 1123 890 1203 Palatini
909 1123 974 1221 (X)
993 1121 1211 1195 leotionem:

112 1253 191 1342 „dn
211 1252 250 1324 δὲ
273 1255 475 1323 τυπτόντων
498 1245 605 1320 αὐτὸν
631 1245 702 1320 ὑπὸ
729 1252 789 1341 τῆς
805 1249 955 1340 ,uadum
977 1249 1212 1321 retinendam

117 1404 215 1463 esse,
251 1400 375 1470 neque
413 1400 499 1447 vero
534 1375 758 1446 vocabulum
788 1369 1008 1445 advorsum
1037 1374 1212 1446 Scheibio

117 1507 167 1576 ad
192 1527 358 1598 puerum
392 1527 415 1573 a
448 1501 598 1576 Simone
635 1511 801 1575 amatum
838 1502 903 1572 sed
938 1502 986 1573 ad
1021 1500 1215 1604 Simonem

114 1625 240 1720 ipsum
263 1622 505 1699 referendum
534 1647 614 1695 esse
638 1625 834 1695 contendo.

618 1853 669 1924 II.

63 2000 109 2069 Iu
137 1996 313 2089 Properti
340 1995 404 2066 lib.
435 1998 465 2079 I,
489 1995 523 2079 8,
547 1997 567 2066 7
595 2006 707 2092 poeta
734 1999 924 2093 scripsisse
952 1997 1118 2070 videtur:

114 2123 196 2192 »Tu
222 2120 384 2216 pedibus
412 2120 551 2193 teneris
579 2122 717 2217 positas
746 2147 858 2218 super
883 2123 937 2194 ire
964 2124 1152 2217 pruinas«.

601 2355 674 2427 ΙΙΙ.

62 2502 109 2571 In
137 2498 306 2569 Caesaris
333 2498 421 2570 bell.
451 2498 549 2570 Gall.
580 2500 604 2570 l.
633 2499 721 2580 VII,
743 2497 777 2582 8,
800 2504 825 2573 4
853 2503 1078 2596 optimorum
1107 2505 1209 2576 eodi-

118 2649 204 2694 cum
233 2622 359 2696 lectio:
387 2655 402 2691 >1
413 2649 508 2697 neve
527 2627 574 2696 ab
601 2625 770 2698 hostibus
799 2628 1048 2722 diripiantur«
1075 2631 1209 2702 aKra-

112 2772 203 2820 nero
230 2758 268 2819 et
294 2748 524 2847 Nipperdejo
551 2761 711 2845 recepta,
740 2753 887 2824 videtur
910 2753 1122 2849 rejicienda,
1151 2780 1210 2828 re-

113 2874 270 2946 tinenda
290 2898 378 2946 vero
404 2875 573 2970 vulgata:
610 2899 721 2948 »neve
749 2901 787 2948 se
815 2879 862 2948 ab
890 2879 1059 2951 hostibus
1089 2881 1201 2975 diripi

111 2999 313 3095 patiatur«.

605 3190 673 3264 IV.

61 3338 183 3409 Probo
221 3336 468 3410 recentiorum
495 3339 724 3433 opinionem,
764 3348 1021 3414 tetrametrum
1050 3344 1207 3440 dactyli-

112 3488 198 3536 cum
227 3462 528 3557 antiquissimum
554 3465 669 3539 fuisse
697 3490 856 3540 versum.

606 3679 652 3750 V.

59 3824 234 3898 Carmina
268 3823 471 3896 Homerica
504 3825 591 3899 inde
627 3828 674 3899 ab
709 3824 818 3898 initio
852 3825 1063 3919 conscripta
1088 3825 1205 3900 fuisse

108 3952 308 4024 contendo.

601 4141 667 4213 VI.

56 4285 342 4367 Pronunoiatio‚
384 4307 459 4377 qua
501 4297 650 4360 nostrae
695 4287 826 4360 aetatis
860 4284 998 4357 Graeci
1033 4293 1200 4368 utuntur,

109 4413 227 4486 cuivis
256 4410 320 4482 alii
347 4411 562 4506 appellandi
586 4415 720 4487 rationi
747 4409 992 4508 praeferenda
1020 4423 1084 4484 est.
