2724 4950
654 321 695 386 40

131 493 223 573 esset,
253 519 294 560 ne
317 517 337 558 a
359 492 515 560 Romanis
534 493 570 556 in
591 491 667 556 Asia
690 493 787 556 etiam
805 491 955 557 *terrestri
980 493 1142 570 exercitu,
1168 493 1228 578 qni

132 609 379 696 Hellespontum
397 610 464 694 jam
487 609 662 673 transierat
678 608 717 692 ¹),
743 608 942 692 premeretur
958 607 1000 692 ἵ),
1031 609 1229 693 perterritus

132 721 328 809 aSmyrnae
347 723 605 810 oppugnatione
637 722 762 786 destitit
793 743 898 806 neque
931 718 1106 807 quidquam
1139 725 1230 790 anti·

132 841 228 926 quius
249 839 380 916 babuit,
403 861 502 923 quam
525 840 562 902 ut
582 838 709 922 legatos
730 836 771 900 ed
794 836 959 902 Romanos
983 839 1144 916 mitteret,
1168 842 1231 924 qui

133 962 247 1041 paoem
268 957 433 1041 peterent:
462 957 529 1019 tres
554 954 640 1018 enim
661 953 757 1018 urbes
788 954 879 1031 illas,
917 974 1000 1038 quae
1030 955 1108 1020 belli
1130 978 1233 1022 eausa

134 1070 289 1147 fuissent,
314 1068 471 1134 Romanis
493 1089 527 1132 se
550 1067 738 1135 relicturum
761 1089 799 1132 ae
820 1068 899 1133 belli
921 1072 1109 1156 sumptuum
1131 1072 1233 1138 dimi·

65 1260 70 1273 ,
133 1184 222 1252 dium
243 1185 468 1250 restituturum
490 1206 560 1249 esse
573 1183 607 1268 ³).

137 1304 141 1309 ’
221 1301 362 1368 Romani
379 1299 618 1386 Lampsacenos
635 1321 672 1364 ao
692 1298 886 1383 Smyrnaeos
904 1298 944 1365 ad
964 1323 998 1366 se
1018 1304 1231 1382 rocaverunt,

134 1419 172 1482 ut
203 1416 244 1482 de
268 1417 364 1481 rebus
385 1416 452 1481 illis
473 1415 529 1481 eos
550 1416 759 1502 explorarent
780 1417 878 1499 atque
901 1413 932 1478 ol
961 1418 1035 1498 mol
1065 1419 1233 1500 Κοίρανον

134 1529 362 1616 aSmyrnaeis
384 1532 522 1597 Romam
553 1530 643 1596 missi
677 1535 754 1596 sunt
766 1531 810 1616 4),
844 1532 902 1596 ubi
924 1531 1093 1616 Smyrnaei
1124 1535 1235 1599 maxi-

135 1647 199 1711 mis'
227 1647 386 1712 laudibus·
410 1646 517 1713 affecti
539 1650 633 1724 eant,
665 1647 751 1732 quod
782 1668 921 1712 summa*
940 1649 1083 1733 pericula
1105 1642 1232 1729 subire,

135 1768 233 1846 qnam
263 1761 427 1828 Antiocho
456 1785 490 1828 se
521 1764 679 1847 subjicere
708 1762 898 1827 maluissent
913 1760 948 1847 ⁵).
1009 1763 1095 1839 Quin
1126 1766 1234 1830 etiem

135 1875 292 1942 Romanis
312 1878 469 1942 auxilium
490 1878 627 1942 navibus
649 1878 795 1941 tulerant
817 1877 996 1961 Smyrnaei,
1020 1900 1094 1944 eum
1117 1880 1152 1946 0.
1171 1879 1233 1947 Li-

137 1993 209 2058 vius
229 1994 264 2058 in
289 1992 387 2058 Asiae
410 2014 468 2058 ora
489 1996 524 2057 et
544 1995 581 2056 in
602 1992 817 2077 Hellesponto
842 1994 964 2058 bellum
986 1998 1115 2079 gereret
1131 1994 1168 2080 ⁶).

136 2150 139 2155 -
184 2138 187 2143 ¹
227 2109 306 2174 (lum
338 2130 416 2194 ergo
450 2131 514 2194 pax
544 2130 618 2175 oum
649 2107 813 2173 Antiocho
844 2110 1016 2174 consiliata
1044 2109 1169 2197 essetI)
1201 2134 1233 2177 a.

137 2226 220 2301 189,
252 2224 423 2310 Smyrnaei
445 2229 579 2310 propter
602 2225 822 2290 Romanorum
849 2225 1105 2290 familiaritatem
1126 2248 1237 2312 que-n·

134 2343 207 2405 tum
228 2342 364 2425 quisque
387 2342 491 2406 voluit
513 2361 668 2427 agrorum
699 2342 784 2406 dono
807 2344 1004 2426 aeceperunt
1021 2334 1072 2427 ⁸),
1098 2345 1134 2408 et
1155 2365 1233 2410 enm

138 2457 263 2540 relique
285 2458 330 2520 eis
354 2455 497 2521 Taurum
527 2459 590 2522 slta
611 2448 705 2535 Asia,
736 2458 783 2523 eis
805 2460 933 2522 tantum
955 2459 1147 2543 regionibus
1176 2482 1236 2525 ex-

137 2573 240 2657 eeptis
270 2593 352 2656 quae
376 2572 513 2637 Rhodiis
546 2573 639 2637 datae
662 2575 755 2650 sunt,
791 2571 928 2639 Eumeni
959 2574 1156 2659 obtingeret,
1190 2579 1233 2641 ut

137 2690 263 2753 ostenae
284 2685 425 2752 Graecae
447 2689 545 2752 urbes
568 2687 727 2772 plurimae
749 2687 870 2752 liberae
901 2709 937 2752 ae
960 2688 1010 2752 sui
1028 2689 1112 2773 juris
1134 2708 1233 2762 men·

136 2806 251 2869 'serunt
266 2801 301 2888 9)
356 2801 459 2877 Quem
480 2803 702 2868 Romanorum
743 2802 887 2868 favorem
917 2807 1015 2888 atque
1045 2806 1236 2887 amicitiam,

137 2941 211 2987 eum
232 2940 359 3006 semper
382 2921 428 2987 eis
449 2921 560 2987 fideles
573 2922 752 2998 manerent,
776 2921 875 2986 etiam
897 2921 1132 3006 posterioribus
1144 2924 1234 2987 tem—

210 3233 236 3300 1)
255 3230 316 3286 Lis.
334 3229 482 3300 XXXVII,
501 3231 547 3284 33.

211 3331 239 3401 2)
256 3329 351 3401 Polyb.
369 3328 450 3400 XXI,
470 3333 514 3385 12.
531 3330 558 3385 8.
992 3388 994 3393 ,

211 3433 238 3502 3)
257 3431 337 3487 Diod.
356 3431 460 3502 XXIX,
479 3434 506 3488 9.
540 3431 637 3502 Polyb.
655 3431 736 3501 XXI,
755 3433 798 3486 10.
835 3431 896 3486 Iis.
914 3430 1064 3503 XXXVII,
1081 3434 1126 3487 ³4.

211 3532 238 3606 4)
256 3532 350 3603 Polyb.
370 3532 480 3596 XVIII,
500 3532 546 3587 35.

212 3634 239 3703 5)
257 3633 317 3688 Lis.
335 3631 477 3702 XXXVII,
497 3634 542 3687 54.
586 3631 762 3702 obsidionis,
787 3648 869 3702 quam
886 3631 1008 3687 inbelle
1026 3637 1124 3689 eontm
1140 3633 1239 3690 Antio·

139 3735 222 3792 ehum
241 3733 398 3797 subierant,
423 3734 540 3804 vestigio
563 3733 647 3789 etiem
664 3732 736 3788 Aelii
752 3732 879 3788 Aristidis
903 3737 993 3788 aetate
1011 3733 1087 3791 sorni
1103 3734 1229 3806 potuisse

138 3835 197 3907 ipse
215 3837 309 3890 naret
327 3833 356 3887 in
374 3833 483 3904 epistol.
501 3832 537 3887 ad
556 3833 661 3903 Smyrn.
680 3832 708 3899 I,
726 3849 755 3903 p.
774 3835 827 3889 716
846 3833 889 3888 ed
908 3832 990 3891 Dino.

210 3937 238 4006 6)
256 3935 315 3992 Liv.
334 3934 472 4002 XXXVII,
490 3937 534 3990 16.
553 3937 607 3990 190
624 3952 650 3990 a
671 3933 700 3990 0.
1050 3972 1053 3977 ·

212 4040 240 4106 7)
258 4036 317 4093 Lis.
330 4035 468 4106 XXXVII,
484 4037 534 4091 55:
554 4035 602 4091 ubi
619 4033 696 4107 peois
713 4033 789 4105 leges
807 4034 1010 4089 enumerentur.

213 4141 241 4210 8)
259 4139 356 4210 Polyb.
374 4138 469 4204 XXII,
488 4140 535 4194 27.

214 4242 242 4314 9)
260 4240 321 4298 niv.
338 4239 483 4309 XXXVII,
503 4239 546 4294 ⁶5.
