2724 4950
752 357 793 481 rs

231 620 322 682 ribus
352 640 389 683 ac
421 619 533 683 liberis
562 617 726 703 profectae
743 617 768 702 ¹)
799 620 923 681 certum
956 617 1054 681 finem
1087 618 1325 702 sequebantur:

233 735 448 818 nequeenim
471 757 570 799 novas
593 735 681 799 sedes
702 733 912 818 quaerebant,
936 734 990 797 sed
1013 734 1048 796 in
1071 735 1243 819 pristinam
1266 755 1325 818 pa·

232 851 331 914 triam
355 851 517 928 redibant,
541 872 581 914 ex
603 871 668 934 qua
688 850 765 914 olim
787 850 822 912 in
844 847 1013 913 Graeciam
1034 850 1231 943 trajecerant
1242 848 1278 933 ²).

317 964 405 1040 Quae
426 987 499 1030 cum
520 967 568 1029 ita
590 988 658 1030 sese
682 965 826 1030 habeant
847 965 1020 1029 verisimile
1047 968 1107 1043 est,
1129 964 1224 1030 lones
1246 967 1323 1028 ante

223 1081 347 1154 ,Aeoles
378 1082 413 1145 iu
441 1081 555 1146 Asiam
583 1081 766 1166 pervenisse
799 1085 897 1165 atque
926 1079 1099 1164 Smyrnam
1128 1081 1324 1157 condidisse;

230 1218 270 1260 ex
299 1218 364 1280 quo
397 1196 538 1260 efficitur
567 1196 706 1260 Aeolum
742 1196 888 1261 colonias
926 1199 1002 1282 post
1040 1196 1157 1261 Ionum
1193 1197 1323 1262 demum

230 1312 349 1397 Gymae
372 1314 470 1396 atque
492 1313 527 1376 in
550 1313 719 1377 vicinitate
742 1313 811 1397 ejus
833 1314 1029 1377 constitutas
1050 1335 1133 1391 esse,
1164 1313 1251 1397 quod
1273 1334 1323 1377 se·

228 1429 370 1495 cundum
392 1427 540 1492 Curtium
553 1426 579 1512 ³)
600 1426 719 1493 Aeoles
753 1428 808 1492 diu
837 1429 873 1492 in
903 1428 1094 1513 paeninsula
1117 1428 1212 1493 Idaea
1232 1428 1323 1493 inco-
1359 1499 1361 1507 ¹

230 1546 378 1622 luerunt,
408 1545 598 1630 priusquam
628 1565 702 1608 cum
729 1543 832 1608 altera
859 1566 958 1609 mauu
981 1545 1114 1609 Aeolica
1144 1546 1235 1608 recta
1268 1545 1322 1610 via

228 1659 271 1724 ah
293 1659 427 1724 Euboea
448 1681 536 1724 mare
558 1662 758 1743 transgressa
779 1659 945 1745 conjuncti
964 1658 1105 1725 Lesbum
1127 1661 1225 1744 atque
1245 1658 1322 1723 inde

227 1778 349 1839 terram
376 1775 575 1858 adjacentem
605 1779 807 1860 occuparent.
862 1773 984 1849 Quodsi
1016 1776 1117 1861 igitur
1137 1773 1321 1839 Pseudohe·

227 1890 343 1955 rodoto
365 1890 490 1974 aliquid
512 1891 721 1959 tribuendum
743 1894 806 1968 est,
837 1892 869 1956 id
892 1892 979 1976 quod
1001 1894 1234 1957 commemorat
1255 1890 1320 1953 nisi

228 2007 269 2072 ad
291 2006 397 2071 denuo
430 1987 633 2069 aedificatam
654 2002 825 2087 Smyrnam
850 2005 892 2068 ab
915 2005 1049 2069 Ionibus
1067 2006 1136 2089 jam
1157 2004 1323 2070 conditam

227 2120 344 2187 referri
374 2144 440 2186 non
470 2124 587 2207 potest
650 2119 747 2184 Haud
775 2120 872 2185 dubie
904 2122 990 2185 euim
1019 2120 1323 2186 Pseudoherodotus

227 2235 371 2302 fabulam
399 2237 438 2302 de
471 2235 611 2320 Smyrna
642 2235 808 2300 aTheseo
836 2235 946 2300 lonico
969 2237 1099 2301 condita
1127 2237 1190 2302 sibi
1220 2237 1324 2302 tradi·

226 2355 297 2417 tam
321 2374 393 2417 oum
424 2353 577 2437 opinione
594 2374 661 2430 sua,
684 2351 802 2416 Aeoles
823 2350 923 2416 fuisse
944 2351 1035 2416 urbis
1056 2358 1222 2432 auctores,
1245 2374 1322 2418 con·

228 2467 339 2533 ciliare
362 2490 429 2533 uon
452 2470 570 2553 potuit,
592 2472 689 2554 atque
712 2468 783 2533 ideo
799 2467 958 2534 Theseum
975 2467 1113 2533 Aeolum
1135 2469 1248 2534 ducem
1271 2469 1322 2533 fu-

226 2584 421 2665 isseyoluit;
443 2585 604 2648 sententia
626 2585 714 2649 enim
735 2584 814 2667 ejus,
837 2583 1011 2668 Smyrnam
1025 2584 1150 2650 Theseo
1173 2585 1321 2651 Pheraeo

229 2699 386 2784 originem
408 2698 542 2778 debere,
573 2721 682 2765 errore
704 2702 835 2763 tantum
864 2703 944 2764 nata
972 2723 1041 2765 esse
1064 2704 1181 2786 potest
1233 2699 1320 2767 Nam

229 2815 292 2878 etsi
320 2814 430 2900 opinio
454 2812 611 2900 Smyrnae
643 2817 850 2902 pervulgata,
884 2839 956 2881 eum
986 2816 1163 2897 Theseum,
1198 2818 1256 2904 qui
1285 2819 1320 2883 in

228 2929 430 2995 Amazonum
454 2932 571 3016 pugnis
593 2933 731 2996 maxime
749 2954 817 2996 sese
831 2931 949 2996 fortem
967 2934 1190 3018 praestitisset,
1215 2935 1321 3018 prima

227 3039 329 3112 urbis
348 3046 559 3111 fundamenta
585 3047 700 3131 jecisse
711 3047 759 3131 ⁴),
798 3047 956 3113 historiae
984 3050 1047 3113 fide
1070 3052 1173 3126 caret,
1208 3053 1321 3115 tamen

228 3162 386 3247 originem
408 3163 477 3248 ejus
497 3162 642 3228 lonicum
664 3163 762 3229 fuisse
784 3164 920 3245 indicat,
954 3185 1059 3249 neque
1082 3164 1318 3250 neglegendum

228 3280 286 3356 est,
303 3276 460 3363 Smyrnae
482 3302 602 3345 nomen
626 3302 663 3345 re
684 3302 761 3345 vera
776 3280 876 3345 etiam
889 3278 1064 3345 Amazonis
1080 3280 1187 3346 fuisse.
1233 3280 1320 3348 The·

227 3415 298 3458 sens
320 3397 429 3460 autem
451 3394 545 3460 heros
567 3397 698 3480 gentilis
721 3399 790 3460 erat
810 3395 926 3461 Ionum
940 3394 966 3481 ⁵)
996 3398 1094 3480 atque
1117 3397 1246 3461 etiamsi
1270 3421 1321 3463 re·

226 3532 299 3578 rum
331 3511 374 3575 ah
402 3533 440 3576 eo
472 3515 635 3595 gestarum
665 3534 798 3598 campus
830 3513 925 3578 Ionia
957 3513 1127 3598 praecipue
1149 3512 1321 3599 Europaeo

299 3818 326 3888 1)
345 3819 444 3874 Herod.
464 3819 492 3882 Ι,
513 3822 573 3874 146.
593 3819 627 3875 cf.
647 3819 755 3875 Curtius
774 3817 882 3874 Griech
901 3819 1000 3874 Gesch.
1018 3820 1047 3887 1,
1064 3837 1092 3888 p.
1112 3821 1173 3876 105.

299 3918 326 3987 2)
344 3920 450 3974 Curtius
468 3918 488 3974 l.
507 3937 531 3976 c.
549 3924 577 3974 et
594 3920 730 3990 imprimis
753 3919 787 3976 cl.
806 3920 864 3990 ejus
883 3920 1113 3976 dissonationem:
1159 3922 1213 3978 Die
1230 3923 1322 3982 Iouier

225 4035 274 4076 vor
291 4018 342 4073 der
359 4017 503 4074 Ionischen
521 4019 709 4090 Wauderung.
745 4021 839 4077 Berlin
858 4023 938 4077 1855.

296 4117 324 4187 3)
343 4117 452 4175 Griech.
472 4117 571 4175 Gesch.
589 4118 612 4190 1,
630 4137 659 4191 p.
680 4123 741 4176 105.

294 4216 322 4284 4)
340 4217 451 4272 Aristid.
469 4217 500 4280 1,
518 4235 547 4287 p.
568 4220 630 4273 372.
648 4221 711 4275 425.
729 4222 792 4274 431.
812 4221 874 4275 435.
893 4220 957 4289 440.
977 4217 1029 4271 763
1048 4217 1095 4274 ed.
1112 4218 1238 4277 Diudors.

295 4315 323 4381 5)
341 4316 446 4385 Preller
464 4317 511 4371 Gr.
530 4317 617 4386 Myth.
635 4319 676 4384 11,
696 4337 725 4389 p.
744 4322 798 4375 385
818 4320 860 4374 ed.
880 4317 916 4372 11.
