<?xml version="1.0" encoding="UTF-8"?>
<!DOCTYPE html PUBLIC "-//W3C//DTD XHTML 1.0 Transitional//EN"
    "http://www.w3.org/TR/xhtml1/DTD/xhtml1-transitional.dtd">
<html xmlns="http://www.w3.org/1999/xhtml" xml:lang="en" lang="en">
 <head>
  <title>
</title>
<meta http-equiv="Content-Type" content="text/html;charset=utf-8" />
  <meta name='ocr-system' content='tesseract 3.04.00' />
  <meta name='ocr-capabilities' content='ocr_page ocr_carea ocr_par ocr_line ocrx_word'/>
</head>
<body>
  <div class='ocr_page' id='page_1' title='image "./desmyrnaeorumre00mylogoog_0046.png"; bbox 0 0 2724 4950; ppageno 0'>
   <div class='ocr_carea' id='block_1_1' title="bbox 649 322 690 386">
    <p class='ocr_par' dir='ltr' id='par_1_1' title="bbox 649 322 690 386">
     <span class='ocr_line' id='line_1_1' title="bbox 649 322 690 386; baseline 0.049 -2"><span class='ocrx_word' id='word_1_1' title='bbox 649 322 690 386; x_wconf 88' lang='grc'>39</span> 
     </span>
    </p>
   </div>
   <div class='ocr_carea' id='block_1_2' title="bbox 129 493 1224 2427">
    <p class='ocr_par' dir='ltr' id='par_1_2' title="bbox 129 493 1222 693">
     <span class='ocr_line' id='line_1_2' title="bbox 129 493 1222 582; baseline 0.004 -24"><span class='ocrx_word' id='word_1_2' title='bbox 129 495 239 559; x_wconf 89' lang='lat' dir='ltr'>minus</span> <span class='ocrx_word' id='word_1_3' title='bbox 261 498 362 571; x_wconf 91' lang='lat' dir='ltr'>esset,</span> <span class='ocrx_word' id='word_1_4' title='bbox 385 493 504 559; x_wconf 82' lang='lat' dir='ltr'>sibiae</span> <span class='ocrx_word' id='word_1_5' title='bbox 527 493 737 577; x_wconf 87' lang='lat' dir='ltr'>subjicerent,</span> <span class='ocrx_word' id='word_1_6' title='bbox 769 497 922 580; x_wconf 86' lang='lat' dir='ltr'>quoniam</span> <span class='ocrx_word' id='word_1_7' title='bbox 952 498 1097 582; x_wconf 79' lang='lat' dir='ltr'>pristinis</span> <span class='ocrx_word' id='word_1_8' title='bbox 1118 494 1222 562; x_wconf 87' lang='lat' dir='ltr'>Asiae-</span> 
     </span>
     <span class='ocr_line' id='line_1_3' title="bbox 130 606 635 693; baseline 0 -20"><span class='ocrx_word' id='word_1_9' title='bbox 130 608 272 693; x_wconf 84' lang='lat' dir='ltr'>regibus·</span> <span class='ocrx_word' id='word_1_10' title='bbox 288 608 426 693; x_wconf 89' lang='lat' dir='ltr'>subjecti</span> <span class='ocrx_word' id='word_1_11' title='bbox 448 606 583 674; x_wconf 84' lang='lat' dir='ltr'>luissent</span> <span class='ocrx_word' id='word_1_12' title='bbox 600 609 635 692; x_wconf 81' lang='lat'>¹).</span> 
     </span>
    </p>

    <p class='ocr_par' dir='ltr' id='par_1_3' title="bbox 131 723 1224 2427">
     <span class='ocr_line' id='line_1_4' title="bbox 221 723 1221 811; baseline 0.004 -23"><span class='ocrx_word' id='word_1_13' title='bbox 221 724 364 789; x_wconf 93' lang='lat' dir='ltr'>Plurima</span> <span class='ocrx_word' id='word_1_14' title='bbox 380 723 503 789; x_wconf 86' lang='lat' dir='ltr'>Graeca</span> <span class='ocrx_word' id='word_1_15' title='bbox 524 724 644 810; x_wconf 88' lang='lat' dir='ltr'>oppida</span> <span class='ocrx_word' id='word_1_16' title='bbox 666 725 732 790; x_wconf 86' lang='lat' dir='ltr'>vim</span> <span class='ocrx_word' id='word_1_17' title='bbox 755 726 825 811; x_wconf 89' lang='lat' dir='ltr'>ejus</span> <span class='ocrx_word' id='word_1_18' title='bbox 846 725 950 792; x_wconf 86' lang='lat' dir='ltr'>verita</span> <span class='ocrx_word' id='word_1_19' title='bbox 972 726 1131 810; x_wconf 89' lang='lat' dir='ltr'>praesidia</span> <span class='ocrx_word' id='word_1_20' title='bbox 1152 726 1221 810; x_wconf 84' lang='lat' dir='ltr'>ejus</span> 
     </span>
     <span class='ocr_line' id='line_1_5' title="bbox 132 841 1223 929; baseline 0.002 -20"><span class='ocrx_word' id='word_1_21' title='bbox 132 845 342 928; x_wconf 80' lang='lat' dir='ltr'>receperunt3</span> <span class='ocrx_word' id='word_1_22' title='bbox 374 841 530 927; x_wconf 80' lang='lat' dir='ltr'><strong>Smyrnae</strong></span> <span class='ocrx_word' id='word_1_23' title='bbox 552 846 662 909; x_wconf 79' lang='lat' dir='ltr'>autem</span> <span class='ocrx_word' id='word_1_24' title='bbox 692 847 726 908; x_wconf 92' lang='lat' dir='ltr'>et</span> <span class='ocrx_word' id='word_1_25' title='bbox 746 843 917 929; x_wconf 80' lang='lat' dir='ltr'>Lampsaci</span> <span class='ocrx_word' id='word_1_26' title='bbox 946 846 980 908; x_wconf 92' lang='lat' dir='ltr'>et</span> <span class='ocrx_word' id='word_1_27' title='bbox 1006 842 1223 911; x_wconf 73' lang='lat' dir='ltr'>Alexandriae</span> 
     </span>
     <span class='ocr_line' id='line_1_6' title="bbox 132 957 1222 1045; baseline 0.001 -22"><span class='ocrx_word' id='word_1_28' title='bbox 132 957 270 1023; x_wconf 76' lang='lat' dir='ltr'>Troadis</span> <span class='ocrx_word' id='word_1_29' title='bbox 292 958 377 1022; x_wconf 85' lang='lat' dir='ltr'>cives</span> <span class='ocrx_word' id='word_1_30' title='bbox 400 958 592 1023; x_wconf 73' lang='lat' dir='ltr'>resistebant</span> <span class='ocrx_word' id='word_1_31' title='bbox 615 961 648 1023; x_wconf 92' lang='lat' dir='ltr'>et</span> <span class='ocrx_word' id='word_1_32' title='bbox 670 960 795 1045; x_wconf 81' lang='lat' dir='ltr'>legatos</span> <span class='ocrx_word' id='word_1_33' title='bbox 816 960 857 1024; x_wconf 86' lang='lat' dir='ltr'>ad</span> <span class='ocrx_word' id='word_1_34' title='bbox 872 958 1078 1038; x_wconf 82' lang='lat' dir='ltr'>Flaminium,</span> <span class='ocrx_word' id='word_1_35' title='bbox 1102 958 1222 1025; x_wconf 81' lang='lat' dir='ltr'>Roma·</span> 
     </span>
     <span class='ocr_line' id='line_1_7' title="bbox 131 1072 1220 1161; baseline 0.002 -23"><span class='ocrx_word' id='word_1_36' title='bbox 131 1095 250 1138; x_wconf 91' lang='lat' dir='ltr'>norum</span> <span class='ocrx_word' id='word_1_37' title='bbox 272 1074 386 1140; x_wconf 90' lang='lat' dir='ltr'>ducem</span> <span class='ocrx_word' id='word_1_38' title='bbox 408 1074 575 1153; x_wconf 89' lang='lat' dir='ltr'>miserunt,</span> <span class='ocrx_word' id='word_1_39' title='bbox 598 1076 655 1159; x_wconf 91' lang='lat' dir='ltr'>qui</span> <span class='ocrx_word' id='word_1_40' title='bbox 675 1076 747 1161; x_wconf 90' lang='lat' dir='ltr'>ipso</span> <span class='ocrx_word' id='word_1_41' title='bbox 769 1076 828 1141; x_wconf 91' lang='lat' dir='ltr'>illo</span> <span class='ocrx_word' id='word_1_42' title='bbox 850 1077 996 1161; x_wconf 89' lang='lat' dir='ltr'>tempore</span> <span class='ocrx_word' id='word_1_43' title='bbox 1018 1072 1220 1160; x_wconf 90' lang='lat' dir='ltr'>Philippum,</span> 
     </span>
     <span class='ocr_line' id='line_1_8' title="bbox 131 1189 1218 1274; baseline 0.002 -20"><span class='ocrx_word' id='word_1_44' title='bbox 131 1189 340 1255; x_wconf 81' lang='lat' dir='ltr'>Macedoniae</span> <span class='ocrx_word' id='word_1_45' title='bbox 363 1210 490 1274; x_wconf 84' lang='lat' dir='ltr'>regem,</span> <span class='ocrx_word' id='word_1_46' title='bbox 514 1191 549 1254; x_wconf 93' lang='lat' dir='ltr'>in</span> <span class='ocrx_word' id='word_1_47' title='bbox 572 1189 738 1256; x_wconf 85' lang='lat' dir='ltr'>Thessalia</span> <span class='ocrx_word' id='word_1_48' title='bbox 759 1192 892 1268; x_wconf 81' lang='lat' dir='ltr'>vicerat,</span> <span class='ocrx_word' id='word_1_49' title='bbox 915 1193 954 1255; x_wconf 92' lang='lat' dir='ltr'>ut</span> <span class='ocrx_word' id='word_1_50' title='bbox 974 1190 1132 1256; x_wconf 86' lang='lat' dir='ltr'>auxilium</span> <span class='ocrx_word' id='word_1_51' title='bbox 1154 1190 1218 1256; x_wconf 88' lang='lat' dir='ltr'>eibi</span> 
     </span>
     <span class='ocr_line' id='line_1_9' title="bbox 131 1303 1222 1389; baseline 0.001 -19"><span class='ocrx_word' id='word_1_52' title='bbox 131 1304 235 1371; x_wconf 83' lang='lat' dir='ltr'>ferret</span> <span class='ocrx_word' id='word_1_53' title='bbox 250 1303 287 1388; x_wconf 76' lang='lat'>²).</span> <span class='ocrx_word' id='word_1_54' title='bbox 342 1303 541 1381; x_wconf 76' lang='lat' dir='ltr'>Antiochus,</span> <span class='ocrx_word' id='word_1_55' title='bbox 575 1306 631 1389; x_wconf 90' lang='lat' dir='ltr'>qui</span> <span class='ocrx_word' id='word_1_56' title='bbox 659 1307 806 1372; x_wconf 88' lang='lat' dir='ltr'>timuisse</span> <span class='ocrx_word' id='word_1_57' title='bbox 836 1306 977 1385; x_wconf 80' lang='lat' dir='ltr'>ridetur,</span> <span class='ocrx_word' id='word_1_58' title='bbox 1012 1327 1055 1372; x_wconf 91' lang='lat' dir='ltr'>ne</span> <span class='ocrx_word' id='word_1_59' title='bbox 1082 1305 1222 1372; x_wconf 80' lang='lat' dir='ltr'>Romani</span> 
     </span>
     <span class='ocr_line' id='line_1_10' title="bbox 136 1419 1221 1506; baseline 0.003 -22"><span class='ocrx_word' id='word_1_60' title='bbox 136 1420 223 1485; x_wconf 89' lang='lat' dir='ltr'>hanc</span> <span class='ocrx_word' id='word_1_61' title='bbox 253 1420 453 1485; x_wconf 89' lang='lat' dir='ltr'>occasionem</span> <span class='ocrx_word' id='word_1_62' title='bbox 482 1419 679 1504; x_wconf 84' lang='lat' dir='ltr'>arriperent,</span> <span class='ocrx_word' id='word_1_63' title='bbox 714 1433 752 1486; x_wconf 87' lang='lat' dir='ltr'>ut</span> <span class='ocrx_word' id='word_1_64' title='bbox 774 1419 871 1487; x_wconf 88' lang='lat' dir='ltr'>Asiae</span> <span class='ocrx_word' id='word_1_65' title='bbox 901 1442 1030 1506; x_wconf 88' lang='lat' dir='ltr'>quoque</span> <span class='ocrx_word' id='word_1_66' title='bbox 1060 1421 1157 1486; x_wconf 88' lang='lat' dir='ltr'>rebus</span> <span class='ocrx_word' id='word_1_67' title='bbox 1187 1442 1221 1487; x_wconf 88' lang='lat' dir='ltr'>ae</span> 
     </span>
     <span class='ocr_line' id='line_1_11' title="bbox 136 1534 1222 1618; baseline 0.004 -19"><span class='ocrx_word' id='word_1_68' title='bbox 136 1535 369 1613; x_wconf 82' lang='lat' dir='ltr'>immiscerent,</span> <span class='ocrx_word' id='word_1_69' title='bbox 392 1536 425 1600; x_wconf 92' lang='lat' dir='ltr'>et</span> <span class='ocrx_word' id='word_1_70' title='bbox 446 1535 515 1618; x_wconf 91' lang='lat' dir='ltr'>ipse</span> <span class='ocrx_word' id='word_1_71' title='bbox 537 1534 663 1618; x_wconf 84' lang='lat' dir='ltr'>legatos</span> <span class='ocrx_word' id='word_1_72' title='bbox 684 1535 726 1600; x_wconf 89' lang='lat' dir='ltr'>ad</span> <span class='ocrx_word' id='word_1_73' title='bbox 749 1535 947 1601; x_wconf 85' lang='lat' dir='ltr'>Flaminium</span> <span class='ocrx_word' id='word_1_74' title='bbox 968 1537 1067 1616; x_wconf 90' lang='lat' dir='ltr'>misit,</span> <span class='ocrx_word' id='word_1_75' title='bbox 1090 1538 1146 1602; x_wconf 89' lang='lat' dir='ltr'>sed</span> <span class='ocrx_word' id='word_1_76' title='bbox 1167 1537 1222 1603; x_wconf 89' lang='lat' dir='ltr'>ille</span> 
     </span>
     <span class='ocr_line' id='line_1_12' title="bbox 132 1648 1223 1738; baseline 0.004 -22"><span class='ocrx_word' id='word_1_77' title='bbox 132 1673 208 1716; x_wconf 90' lang='lat' dir='ltr'>eum</span> <span class='ocrx_word' id='word_1_78' title='bbox 238 1651 336 1734; x_wconf 88' lang='lat' dir='ltr'>jussit</span> <span class='ocrx_word' id='word_1_79' title='bbox 364 1648 516 1713; x_wconf 91' lang='lat' dir='ltr'>aliberis</span> <span class='ocrx_word' id='word_1_80' title='bbox 544 1648 680 1714; x_wconf 89' lang='lat' dir='ltr'>urbibus</span> <span class='ocrx_word' id='word_1_81' title='bbox 699 1671 815 1716; x_wconf 89' lang='lat' dir='ltr'>manns</span> <span class='ocrx_word' id='word_1_82' title='bbox 837 1651 999 1718; x_wconf 88' lang='lat' dir='ltr'>abstinere</span> <span class='ocrx_word' id='word_1_83' title='bbox 1025 1673 1132 1738; x_wconf 88' lang='lat' dir='ltr'>neque</span> <span class='ocrx_word' id='word_1_84' title='bbox 1154 1654 1223 1720; x_wconf 82' lang='lat' dir='ltr'>bel·</span> 
     </span>
     <span class='ocr_line' id='line_1_13' title="bbox 132 1760 1222 1852; baseline 0.006 -22"><span class='ocrx_word' id='word_1_85' title='bbox 132 1766 201 1830; x_wconf 92' lang='lat' dir='ltr'>lum</span> <span class='ocrx_word' id='word_1_86' title='bbox 221 1766 268 1829; x_wconf 92' lang='lat' dir='ltr'>eis</span> <span class='ocrx_word' id='word_1_87' title='bbox 295 1764 414 1828; x_wconf 88' lang='lat' dir='ltr'>inferre</span> <span class='ocrx_word' id='word_1_88' title='bbox 431 1760 466 1846; x_wconf 82' lang='lat'>³).</span> <span class='ocrx_word' id='word_1_89' title='bbox 523 1761 569 1827; x_wconf 88' lang='lat' dir='ltr'>At</span> <span class='ocrx_word' id='word_1_90' title='bbox 591 1785 648 1827; x_wconf 86' lang='lat' dir='ltr'>rex</span> <span class='ocrx_word' id='word_1_91' title='bbox 674 1784 765 1842; x_wconf 91' lang='lat' dir='ltr'>cum,</span> <span class='ocrx_word' id='word_1_92' title='bbox 796 1766 825 1829; x_wconf 88' lang='lat' dir='ltr'>si</span> <span class='ocrx_word' id='word_1_93' title='bbox 847 1763 985 1849; x_wconf 81' lang='lat' dir='ltr'>Smyrna</span> <span class='ocrx_word' id='word_1_94' title='bbox 1006 1770 1104 1852; x_wconf 88' lang='lat' dir='ltr'>atque</span> <span class='ocrx_word' id='word_1_95' title='bbox 1125 1768 1222 1837; x_wconf 79' lang='lat' dir='ltr'>ham·</span> 
     </span>
     <span class='ocr_line' id='line_1_14' title="bbox 134 1878 1222 1970; baseline 0.005 -25"><span class='ocrx_word' id='word_1_96' title='bbox 134 1903 251 1967; x_wconf 89' lang='lat' dir='ltr'>psacus</span> <span class='ocrx_word' id='word_1_97' title='bbox 273 1880 394 1944; x_wconf 88' lang='lat' dir='ltr'>liberae</span> <span class='ocrx_word' id='word_1_98' title='bbox 416 1880 595 1955; x_wconf 88' lang='lat' dir='ltr'>manerent,</span> <span class='ocrx_word' id='word_1_99' title='bbox 618 1881 788 1958; x_wconf 89' lang='lat' dir='ltr'>metueret,</span> <span class='ocrx_word' id='word_1_100' title='bbox 811 1902 853 1945; x_wconf 90' lang='lat' dir='ltr'>ne</span> <span class='ocrx_word' id='word_1_101' title='bbox 862 1878 1019 1964; x_wconf 87' lang='lat' dir='ltr'>Smyrnae</span> <span class='ocrx_word' id='word_1_102' title='bbox 1039 1885 1222 1970; x_wconf 88' lang='lat' dir='ltr'>exemplum</span> 
     </span>
     <span class='ocr_line' id='line_1_15' title="bbox 136 1992 1222 2083; baseline 0.004 -22"><span class='ocrx_word' id='word_1_103' title='bbox 136 1998 262 2061; x_wconf 90' lang='lat' dir='ltr'>ceterae</span> <span class='ocrx_word' id='word_1_104' title='bbox 294 1994 422 2060; x_wconf 89' lang='lat' dir='ltr'>Ionicae</span> <span class='ocrx_word' id='word_1_105' title='bbox 459 1996 556 2077; x_wconf 89' lang='lat' dir='ltr'>atque</span> <span class='ocrx_word' id='word_1_106' title='bbox 590 1992 741 2060; x_wconf 85' lang='lat' dir='ltr'>Aeolicae</span> <span class='ocrx_word' id='word_1_107' title='bbox 781 1996 879 2061; x_wconf 90' lang='lat' dir='ltr'>urbes</span> <span class='ocrx_word' id='word_1_108' title='bbox 911 1994 1081 2083; x_wconf 87' lang='lat' dir='ltr'>Lampsaci</span> <span class='ocrx_word' id='word_1_109' title='bbox 1113 2002 1222 2066; x_wconf 89' lang='lat' dir='ltr'>autem</span> 
     </span>
     <span class='ocr_line' id='line_1_16' title="bbox 135 2107 1223 2196; baseline 0.001 -18"><span class='ocrx_word' id='word_1_110' title='bbox 135 2111 341 2196; x_wconf 88' lang='lat' dir='ltr'>Hellesponti</span> <span class='ocrx_word' id='word_1_111' title='bbox 363 2108 461 2173; x_wconf 92' lang='lat' dir='ltr'>urbes</span> <span class='ocrx_word' id='word_1_112' title='bbox 476 2111 688 2191; x_wconf 85' lang='lat' dir='ltr'>sequerentur</span> <span class='ocrx_word' id='word_1_113' title='bbox 702 2107 740 2193; x_wconf 70' lang='grc'>4),</span> <span class='ocrx_word' id='word_1_114' title='bbox 765 2109 903 2194; x_wconf 83' lang='lat' dir='ltr'>Epheso,</span> <span class='ocrx_word' id='word_1_115' title='bbox 927 2111 983 2176; x_wconf 91' lang='lat' dir='ltr'>ubi</span> <span class='ocrx_word' id='word_1_116' title='bbox 1005 2111 1143 2178; x_wconf 88' lang='lat' dir='ltr'>hiberna</span> <span class='ocrx_word' id='word_1_117' title='bbox 1164 2114 1223 2179; x_wconf 86' lang='lat' dir='ltr'>ha·</span> 
     </span>
     <span class='ocr_line' id='line_1_17' title="bbox 135 2222 1221 2315; baseline 0.002 -21"><span class='ocrx_word' id='word_1_118' title='bbox 135 2229 267 2304; x_wconf 90' lang='lat' dir='ltr'>buerat,</span> <span class='ocrx_word' id='word_1_119' title='bbox 304 2224 480 2290; x_wconf 84' lang='lat' dir='ltr'>exercitum</span> <span class='ocrx_word' id='word_1_120' title='bbox 520 2223 625 2299; x_wconf 88' lang='lat' dir='ltr'>misit,</span> <span class='ocrx_word' id='word_1_121' title='bbox 665 2223 721 2307; x_wconf 90' lang='lat' dir='ltr'>qui</span> <span class='ocrx_word' id='word_1_122' title='bbox 753 2222 925 2307; x_wconf 84' lang='lat' dir='ltr'>Smyrnam</span> <span class='ocrx_word' id='word_1_123' title='bbox 967 2232 1172 2312; x_wconf 82' lang='lat' dir='ltr'>expugnaret</span> <span class='ocrx_word' id='word_1_124' title='bbox 1185 2229 1221 2315; x_wconf 56' lang='grc' dir='ltr'>ι5).</span> 
     </span>
     <span class='ocr_line' id='line_1_18' title="bbox 134 2338 1224 2427; baseline 0.002 -17"><span class='ocrx_word' id='word_1_125' title='bbox 134 2346 182 2410; x_wconf 84' lang='lat' dir='ltr'>Eo</span> <span class='ocrx_word' id='word_1_126' title='bbox 205 2342 308 2427; x_wconf 82' lang='lat' dir='ltr'>magis</span> <span class='ocrx_word' id='word_1_127' title='bbox 331 2341 417 2405; x_wconf 90' lang='lat' dir='ltr'>enim</span> <span class='ocrx_word' id='word_1_128' title='bbox 449 2339 518 2423; x_wconf 88' lang='lat' dir='ltr'>ejus</span> <span class='ocrx_word' id='word_1_129' title='bbox 541 2339 712 2416; x_wconf 86' lang='lat' dir='ltr'>intererat,</span> <span class='ocrx_word' id='word_1_130' title='bbox 742 2362 783 2405; x_wconf 89' lang='lat' dir='ltr'>ne</span> <span class='ocrx_word' id='word_1_131' title='bbox 804 2338 937 2406; x_wconf 88' lang='lat' dir='ltr'>hostiles</span> <span class='ocrx_word' id='word_1_132' title='bbox 966 2341 1026 2409; x_wconf 87' lang='lat' dir='ltr'>has</span> <span class='ocrx_word' id='word_1_133' title='bbox 1054 2346 1151 2411; x_wconf 92' lang='lat' dir='ltr'>urbes</span> <span class='ocrx_word' id='word_1_134' title='bbox 1172 2369 1224 2413; x_wconf 89' lang='lat' dir='ltr'>re·</span> 
     </span>
    </p>
   </div>
   <div class='ocr_carea' id='block_1_3' title="bbox 127 2453 1224 3125">
    <p class='ocr_par' dir='ltr' id='par_1_4' title="bbox 127 2453 1224 3125">
     <span class='ocr_line' id='line_1_19' title="bbox 127 2453 1222 2544; baseline 0.005 -20"><span class='ocrx_word' id='word_1_135' title='bbox 127 2461 306 2543; x_wconf 88' lang='lat' dir='ltr'>linqueret,</span> <span class='ocrx_word' id='word_1_136' title='bbox 329 2454 417 2540; x_wconf 90' lang='lat' dir='ltr'>qnod</span> <span class='ocrx_word' id='word_1_137' title='bbox 438 2453 652 2538; x_wconf 85' lang='lat' dir='ltr'>inEuropam</span> <span class='ocrx_word' id='word_1_138' title='bbox 674 2454 868 2538; x_wconf 81' lang='lat' dir='ltr'>trajectarus</span> <span class='ocrx_word' id='word_1_139' title='bbox 890 2461 960 2522; x_wconf 91' lang='lat' dir='ltr'>erat</span> <span class='ocrx_word' id='word_1_140' title='bbox 973 2456 1015 2542; x_wconf 71' lang='lat'>⁶);</span> <span class='ocrx_word' id='word_1_141' title='bbox 1039 2461 1125 2544; x_wconf 92' lang='lat' dir='ltr'>quod</span> <span class='ocrx_word' id='word_1_142' title='bbox 1146 2483 1222 2528; x_wconf 61' lang='lat' dir='ltr'>conv</span> 
     </span>
     <span class='ocr_line' id='line_1_20' title="bbox 134 2570 1223 2656; baseline 0.003 -15"><span class='ocrx_word' id='word_1_143' title='bbox 134 2577 243 2642; x_wconf 89' lang='lat' dir='ltr'>silium</span> <span class='ocrx_word' id='word_1_144' title='bbox 265 2576 375 2638; x_wconf 90' lang='lat' dir='ltr'>tamen</span> <span class='ocrx_word' id='word_1_145' title='bbox 397 2592 503 2654; x_wconf 90' lang='lat' dir='ltr'>neque</span> <span class='ocrx_word' id='word_1_146' title='bbox 525 2570 559 2636; x_wconf 87' lang='lat' dir='ltr'>vi</span> <span class='ocrx_word' id='word_1_147' title='bbox 580 2591 640 2635; x_wconf 90' lang='lat' dir='ltr'>nec</span> <span class='ocrx_word' id='word_1_148' title='bbox 663 2570 813 2656; x_wconf 86' lang='lat' dir='ltr'>pactione</span> <span class='ocrx_word' id='word_1_149' title='bbox 836 2575 1003 2640; x_wconf 82' lang='lat' dir='ltr'>exsecutus</span> <span class='ocrx_word' id='word_1_150' title='bbox 1027 2578 1085 2641; x_wconf 89' lang='lat' dir='ltr'>est.</span> <span class='ocrx_word' id='word_1_151' title='bbox 1137 2576 1223 2644; x_wconf 88' lang='lat' dir='ltr'>Nam</span> 
     </span>
     <span class='ocr_line' id='line_1_21' title="bbox 134 2686 1223 2780; baseline 0.004 -25"><span class='ocrx_word' id='word_1_152' title='bbox 134 2713 235 2777; x_wconf 89' lang='lat' dir='ltr'>quum</span> <span class='ocrx_word' id='word_1_153' title='bbox 264 2688 305 2753; x_wconf 90' lang='lat' dir='ltr'>ab</span> <span class='ocrx_word' id='word_1_154' title='bbox 334 2686 505 2752; x_wconf 88' lang='lat' dir='ltr'>Aetolibus</span> <span class='ocrx_word' id='word_1_155' title='bbox 538 2687 579 2753; x_wconf 88' lang='lat' dir='ltr'>ad</span> <span class='ocrx_word' id='word_1_156' title='bbox 609 2687 766 2752; x_wconf 88' lang='lat' dir='ltr'>auxilium</span> <span class='ocrx_word' id='word_1_157' title='bbox 793 2691 926 2755; x_wconf 86' lang='lat' dir='ltr'>vocatus</span> <span class='ocrx_word' id='word_1_158' title='bbox 940 2690 965 2775; x_wconf 69' lang='grc' dir='ltr'>ἵ)</span> <span class='ocrx_word' id='word_1_159' title='bbox 994 2692 1027 2757; x_wconf 93' lang='lat' dir='ltr'>in</span> <span class='ocrx_word' id='word_1_160' title='bbox 1058 2692 1223 2780; x_wconf 81' lang='lat' dir='ltr'>Europam</span> 
     </span>
     <span class='ocr_line' id='line_1_22' title="bbox 133 2801 1224 2893; baseline 0.004 -21"><span class='ocrx_word' id='word_1_161' title='bbox 133 2828 210 2872; x_wconf 90' lang='lat' dir='ltr'>cum</span> <span class='ocrx_word' id='word_1_162' title='bbox 241 2804 383 2870; x_wconf 87' lang='lat' dir='ltr'>exercitu</span> <span class='ocrx_word' id='word_1_163' title='bbox 419 2802 614 2885; x_wconf 86' lang='lat' dir='ltr'>trajecisset,</span> <span class='ocrx_word' id='word_1_164' title='bbox 658 2823 677 2866; x_wconf 88' lang='lat' dir='ltr'>a</span> <span class='ocrx_word' id='word_1_165' title='bbox 709 2801 865 2868; x_wconf 86' lang='lat' dir='ltr'>Romanis</span> <span class='ocrx_word' id='word_1_166' title='bbox 898 2828 974 2871; x_wconf 85' lang='lat' dir='ltr'>vere</span> <span class='ocrx_word' id='word_1_167' title='bbox 1007 2808 1148 2893; x_wconf 90' lang='lat' dir='ltr'>primum</span> <span class='ocrx_word' id='word_1_168' title='bbox 1184 2811 1224 2876; x_wconf 88' lang='lat' dir='ltr'>ad</span> 
     </span>
     <span class='ocr_line' id='line_1_23' title="bbox 133 2916 1222 3008; baseline 0.002 -20"><span class='ocrx_word' id='word_1_169' title='bbox 133 2919 371 3004; x_wconf 86' lang='lat' dir='ltr'>Thermopylas</span> <span class='ocrx_word' id='word_1_170' title='bbox 384 2916 410 3001; x_wconf 87' lang='grc'>8)</span> <span class='ocrx_word' id='word_1_171' title='bbox 431 2917 545 2982; x_wconf 90' lang='lat' dir='ltr'>deinde</span> <span class='ocrx_word' id='word_1_172' title='bbox 567 2917 668 2984; x_wconf 88' lang='lat' dir='ltr'>etiam</span> <span class='ocrx_word' id='word_1_173' title='bbox 693 2918 735 2983; x_wconf 90' lang='lat' dir='ltr'>ad</span> <span class='ocrx_word' id='word_1_174' title='bbox 758 2917 917 3002; x_wconf 78' lang='lat' dir='ltr'>Corycum</span> <span class='ocrx_word' id='word_1_175' title='bbox 935 2919 960 3005; x_wconf 79' lang='grc'>9)</span> <span class='ocrx_word' id='word_1_176' title='bbox 989 2924 1085 2989; x_wconf 87' lang='lat' dir='ltr'>etad</span> <span class='ocrx_word' id='word_1_177' title='bbox 1106 2923 1222 3008; x_wconf 87' lang='lat' dir='ltr'>Myon·</span> 
     </span>
     <span class='ocr_line' id='line_1_24' title="bbox 134 3032 1224 3125; baseline 0.006 -23"><span class='ocrx_word' id='word_1_178' title='bbox 134 3058 250 3103; x_wconf 90' lang='lat' dir='ltr'>nesum</span> <span class='ocrx_word' id='word_1_179' title='bbox 265 3034 304 3118; x_wconf 89' lang='lat'>¹⁰)</span> <span class='ocrx_word' id='word_1_180' title='bbox 327 3032 551 3119; x_wconf 89' lang='lat' dir='ltr'>promontoria</span> <span class='ocrx_word' id='word_1_181' title='bbox 584 3033 683 3097; x_wconf 89' lang='lat' dir='ltr'>classe</span> <span class='ocrx_word' id='word_1_182' title='bbox 713 3034 817 3099; x_wconf 82' lang='lat' dir='ltr'>rictus</span> <span class='ocrx_word' id='word_1_183' title='bbox 847 3040 947 3115; x_wconf 90' lang='lat' dir='ltr'>esset,</span> <span class='ocrx_word' id='word_1_184' title='bbox 981 3038 1224 3125; x_wconf 89' lang='lat' dir='ltr'>periculumque</span> 
     </span>
    </p>
   </div>
   <div class='ocr_carea' id='block_1_4' title="bbox 136 3208 425 3230">
    <p class='ocr_par' dir='ltr' id='par_1_5' title="bbox 136 3208 425 3230">
     <span class='ocr_line' id='line_1_25' title="bbox 136 3208 425 3230; baseline 0 -9"><span class='ocrx_word' id='word_1_185' title='bbox 136 3208 425 3230; x_wconf 45' lang='lat' dir='ltr'>‘ff</span> 
     </span>
    </p>
   </div>
   <div class='ocr_carea' id='block_1_5' title="bbox 204 3337 1198 4310">
    <p class='ocr_par' dir='ltr' id='par_1_6' title="bbox 209 3337 1123 3409">
     <span class='ocr_line' id='line_1_26' title="bbox 209 3337 1123 3409; baseline 0.004 -18"><span class='ocrx_word' id='word_1_186' title='bbox 209 3337 235 3407; x_wconf 86' lang='lat'>1)</span> <span class='ocrx_word' id='word_1_187' title='bbox 253 3339 323 3409; x_wconf 91' lang='lat' dir='ltr'>App.</span> <span class='ocrx_word' id='word_1_188' title='bbox 343 3339 402 3408; x_wconf 87' lang='lat' dir='ltr'>Syr.</span> <span class='ocrx_word' id='word_1_189' title='bbox 421 3341 442 3393; x_wconf 92' lang='grc' dir='ltr'>Ι.</span> <span class='ocrx_word' id='word_1_190' title='bbox 1122 3362 1123 3367; x_wconf 65' lang='grc'>’</span> 
     </span>
    </p>

    <p class='ocr_par' dir='ltr' id='par_1_7' title="bbox 206 3438 1198 3611">
     <span class='ocr_line' id='line_1_27' title="bbox 207 3438 1198 3510; baseline 0.003 -19"><span class='ocrx_word' id='word_1_191' title='bbox 207 3440 234 3508; x_wconf 83' lang='grc'>2)</span> <span class='ocrx_word' id='word_1_192' title='bbox 254 3439 305 3494; x_wconf 86' lang='grc'>197</span> <span class='ocrx_word' id='word_1_193' title='bbox 317 3456 342 3493; x_wconf 87' lang='lat' dir='ltr'>a.</span> <span class='ocrx_word' id='word_1_194' title='bbox 355 3439 385 3494; x_wconf 82' lang='lat' dir='ltr'>O.</span> <span class='ocrx_word' id='word_1_195' title='bbox 404 3438 440 3494; x_wconf 83' lang='lat' dir='ltr'>ei.</span> <span class='ocrx_word' id='word_1_196' title='bbox 450 3439 605 3494; x_wconf 86' lang='lat' dir='ltr'>Mommsen</span> <span class='ocrx_word' id='word_1_197' title='bbox 622 3438 759 3494; x_wconf 74' lang='lat' dir='ltr'>romische</span> <span class='ocrx_word' id='word_1_198' title='bbox 770 3439 933 3495; x_wconf 78' lang='lat' dir='ltr'>Geechichte</span> <span class='ocrx_word' id='word_1_199' title='bbox 945 3440 967 3507; x_wconf 92' lang='lat' dir='ltr'>I,</span> <span class='ocrx_word' id='word_1_200' title='bbox 983 3457 1010 3510; x_wconf 91' lang='lat' dir='ltr'>p.</span> <span class='ocrx_word' id='word_1_201' title='bbox 1032 3443 1091 3494; x_wconf 75' lang='lat'>121.</span> <span class='ocrx_word' id='word_1_202' title='bbox 1101 3440 1155 3495; x_wconf 77' lang='lat' dir='ltr'>nd.</span> <span class='ocrx_word' id='word_1_203' title='bbox 1172 3444 1198 3494; x_wconf 81' lang='grc'>4.</span> 
     </span>
     <span class='ocr_line' id='line_1_28' title="bbox 206 3540 831 3611; baseline 0.005 -18"><span class='ocrx_word' id='word_1_204' title='bbox 206 3541 233 3606; x_wconf 89' lang='grc'>3)</span> <span class='ocrx_word' id='word_1_205' title='bbox 254 3540 314 3595; x_wconf 84' lang='lat' dir='ltr'>Lir.</span> <span class='ocrx_word' id='word_1_206' title='bbox 332 3540 424 3610; x_wconf 86' lang='lat' dir='ltr'>XXX,</span> <span class='ocrx_word' id='word_1_207' title='bbox 443 3542 487 3595; x_wconf 87' lang='grc'>34.</span> <span class='ocrx_word' id='word_1_208' title='bbox 507 3570 540 3579; x_wconf 92' lang='grc'><strong>-</strong></span> <span class='ocrx_word' id='word_1_209' title='bbox 558 3540 629 3611; x_wconf 90' lang='lat' dir='ltr'>App.</span> <span class='ocrx_word' id='word_1_210' title='bbox 650 3540 710 3610; x_wconf 89' lang='lat' dir='ltr'>Syr.</span> <span class='ocrx_word' id='word_1_211' title='bbox 727 3541 768 3594; x_wconf 91' lang='lat' dir='ltr'>lll</span> <span class='ocrx_word' id='word_1_212' title='bbox 786 3543 831 3596; x_wconf 84' lang='grc'>64.</span> 
     </span>
    </p>

    <p class='ocr_par' dir='ltr' id='par_1_8' title="bbox 206 3640 520 3710">
     <span class='ocr_line' id='line_1_29' title="bbox 206 3640 520 3710; baseline 0.003 -16"><span class='ocrx_word' id='word_1_213' title='bbox 206 3640 233 3708; x_wconf 85' lang='grc'>4)</span> <span class='ocrx_word' id='word_1_214' title='bbox 251 3640 312 3696; x_wconf 82' lang='lat' dir='ltr'>Liv.</span> <span class='ocrx_word' id='word_1_215' title='bbox 330 3640 457 3710; x_wconf 88' lang='lat' dir='ltr'>XXXIII,</span> <span class='ocrx_word' id='word_1_216' title='bbox 476 3642 520 3696; x_wconf 82' lang='grc'>33.</span> 
     </span>
    </p>

    <p class='ocr_par' dir='ltr' id='par_1_9' title="bbox 208 3739 415 3808">
     <span class='ocr_line' id='line_1_30' title="bbox 208 3739 415 3808; baseline 0.005 -15"><span class='ocrx_word' id='word_1_217' title='bbox 208 3741 236 3808; x_wconf 80' lang='lat' dir='ltr'>h)</span> <span class='ocrx_word' id='word_1_218' title='bbox 255 3739 333 3794; x_wconf 90' lang='lat' dir='ltr'>Idem</span> <span class='ocrx_word' id='word_1_219' title='bbox 351 3740 371 3793; x_wconf 91' lang='lat' dir='ltr'>l.</span> <span class='ocrx_word' id='word_1_220' title='bbox 389 3756 415 3795; x_wconf 91' lang='lat' dir='ltr'>c.</span> 
     </span>
    </p>

    <p class='ocr_par' dir='ltr' id='par_1_10' title="bbox 207 3838 512 3910">
     <span class='ocr_line' id='line_1_31' title="bbox 207 3838 512 3910; baseline 0 -16"><span class='ocrx_word' id='word_1_221' title='bbox 207 3840 234 3910; x_wconf 89' lang='grc'>6)</span> <span class='ocrx_word' id='word_1_222' title='bbox 252 3839 311 3895; x_wconf 87' lang='lat' dir='ltr'>Liv.</span> <span class='ocrx_word' id='word_1_223' title='bbox 329 3838 449 3909; x_wconf 89' lang='lat' dir='ltr'>XXXV,</span> <span class='ocrx_word' id='word_1_224' title='bbox 467 3840 512 3894; x_wconf 78' lang='lat'>42.</span> 
     </span>
    </p>

    <p class='ocr_par' dir='ltr' id='par_1_11' title="bbox 205 3939 784 4010">
     <span class='ocr_line' id='line_1_32' title="bbox 205 3939 784 4010; baseline -0.007 -16"><span class='ocrx_word' id='word_1_225' title='bbox 205 3939 232 4010; x_wconf 85' lang='grc'>7)</span> <span class='ocrx_word' id='word_1_226' title='bbox 250 3939 310 3995; x_wconf 75' lang='lat' dir='ltr'>niv.</span> <span class='ocrx_word' id='word_1_227' title='bbox 328 3939 448 4003; x_wconf 85' lang='lat' dir='ltr'>XXXV,</span> <span class='ocrx_word' id='word_1_228' title='bbox 466 3940 512 3994; x_wconf 83' lang='lat'>12.</span> <span class='ocrx_word' id='word_1_229' title='bbox 532 3942 575 3995; x_wconf 89' lang='grc'>30.</span> <span class='ocrx_word' id='word_1_230' title='bbox 595 3941 640 3995; x_wconf 84' lang='grc'>43.</span> <span class='ocrx_word' id='word_1_231' title='bbox 782 3984 784 3990; x_wconf 63' lang='grc'><strong>.</strong></span> 
     </span>
    </p>

    <p class='ocr_par' dir='ltr' id='par_1_12' title="bbox 204 4038 805 4110">
     <span class='ocr_line' id='line_1_33' title="bbox 204 4038 805 4110; baseline 0.005 -16"><span class='ocrx_word' id='word_1_232' title='bbox 204 4041 232 4107; x_wconf 87' lang='grc'>3)</span> <span class='ocrx_word' id='word_1_233' title='bbox 251 4039 311 4096; x_wconf 81' lang='lat' dir='ltr'>Liv.</span> <span class='ocrx_word' id='word_1_234' title='bbox 329 4038 457 4110; x_wconf 85' lang='lat' dir='ltr'>XXXVI,</span> <span class='ocrx_word' id='word_1_235' title='bbox 475 4038 591 4094; x_wconf 80' lang='lat'>14-21.</span> <span class='ocrx_word' id='word_1_236' title='bbox 609 4039 740 4110; x_wconf 86' lang='lat' dir='ltr'>XXXVI,</span> <span class='ocrx_word' id='word_1_237' title='bbox 759 4040 805 4097; x_wconf 83' lang='lat'>19.</span> 
     </span>
    </p>

    <p class='ocr_par' dir='ltr' id='par_1_13' title="bbox 206 4139 594 4210">
     <span class='ocr_line' id='line_1_34' title="bbox 206 4139 594 4210; baseline -0.01 -13"><span class='ocrx_word' id='word_1_238' title='bbox 206 4141 233 4210; x_wconf 87' lang='grc'>3)</span> <span class='ocrx_word' id='word_1_239' title='bbox 249 4140 309 4196; x_wconf 84' lang='lat' dir='ltr'>Lir.</span> <span class='ocrx_word' id='word_1_240' title='bbox 327 4139 457 4209; x_wconf 89' lang='lat' dir='ltr'>XXXVI,</span> <span class='ocrx_word' id='word_1_241' title='bbox 475 4140 594 4196; x_wconf 75' lang='lat'>41-45.</span> 
     </span>
    </p>

    <p class='ocr_par' dir='ltr' id='par_1_14' title="bbox 208 4239 681 4310">
     <span class='ocr_line' id='line_1_35' title="bbox 208 4239 681 4310; baseline 0.006 -18"><span class='ocrx_word' id='word_1_242' title='bbox 208 4241 250 4310; x_wconf 82' lang='grc'>10)</span> <span class='ocrx_word' id='word_1_243' title='bbox 268 4241 328 4298; x_wconf 76' lang='lat' dir='ltr'>Idy.</span> <span class='ocrx_word' id='word_1_244' title='bbox 346 4239 488 4304; x_wconf 82' lang='lat' dir='ltr'>XXXVII,</span> <span class='ocrx_word' id='word_1_245' title='bbox 510 4242 554 4296; x_wconf 87' lang='grc'>30.</span> <span class='ocrx_word' id='word_1_246' title='bbox 574 4243 618 4296; x_wconf 87' lang='grc'>33.</span> <span class='ocrx_word' id='word_1_247' title='bbox 637 4242 681 4297; x_wconf 79' lang='grc'>47.</span> 
     </span>
    </p>
   </div>
   <div class='ocr_carea' id='block_1_6' title="bbox 0 0 1374 4950">
    <p class='ocr_par' dir='ltr' id='par_1_15' title="bbox 0 0 1374 4950">
     <span class='ocr_line' id='line_1_36' title="bbox 0 0 1374 4950; baseline 0 0"><span class='ocrx_word' id='word_1_248' title='bbox 0 0 1374 4950; x_wconf 95' lang='lat' dir='ltr'> </span> 
     </span>
    </p>
   </div>
  </div>
 </body>
</html>
