2724 4950
663 397 705 461 44

137 572 174 632 ut
208 569 454 633 instituerentur
476 566 648 651 Smyrnam
679 568 853 633 veniebant
867 568 914 654 ¹),
948 592 1046 655 porro
1075 569 1230 635 hominen

136 683 222 749 docti
244 684 284 746 ad
307 683 390 746 hanc
412 682 524 746 urbem
547 704 580 747 se
600 681 811 747 conferebant
830 681 912 759 „oica
935 682 1082 748 θύουσαν
1098 682 1139 769 δὴ
1163 685 1232 747 πό-

132 795 214 860 λιον
236 806 304 871 ταῖς
333 799 396 859 τῶν
428 798 586 880 σοφιστῶν
608 796 760 871 Μούσαις
776 796 811 883 ²).
865 797 1098 864 Commercium
1130 799 1227 865 deni-

131 936 192 997 que
215 916 249 977 et
260 915 413 977 terrestre
437 914 469 977 et
491 912 690 977 maritimum
713 913 920 999 omniumque
942 935 1050 979 rerum
1072 913 1227 981 officinae

139 1032 209 1095 turn
232 1030 279 1095 ibi
302 1029 463 1094 florebant
476 1027 513 1113 ³).

224 1144 330 1210 Tanto
354 1146 461 1208 autem
485 1142 595 1207 favore
618 1142 704 1227 apud
717 1141 881 1208 Romanos
904 1145 1043 1210 florebat
1065 1145 1154 1223 urbs,
1176 1147 1228 1223 ut,

134 1283 206 1326 oum
230 1259 359 1324 Tiberio
381 1259 577 1343 imperatore
598 1256 692 1321 Asiae
714 1258 812 1322 urbes
832 1257 909 1323 huic
930 1260 1089 1344 templum
1110 1280 1232 1325 conse-

136 1399 224 1444 crare
245 1375 488 1441 constituissent
500 1373 536 1459 4),
558 1373 726 1459 Smyrnaei
748 1376 920 1460 tantopere
942 1377 1057 1441 ceteris
1079 1375 1230 1462 praefer-

133 1496 263 1570 rentur,
294 1494 332 1555 ut
363 1494 487 1556 ceterae
520 1490 615 1554 urbes
644 1493 773 1555 tantum
803 1493 944 1576 septem,
978 1491 1117 1575 Smyrna
1147 1513 1231 1558 vero

136 1609 205 1674 sola
227 1607 467 1693 quadringenta
492 1605 647 1689 suffragia
659 1604 834 1690 acciperet3
858 1607 920 1670 nisi
936 1607 1017 1671 illud
1040 1607 1231 1673 indubium

134 1745 249 1790 vocare
272 1723 420 1788 volumus
443 1720 519 1804 quia
530 1719 689 1784 Aristides
712 1720 821 1800 tradit,
845 1742 941 1806 quem
963 1721 1071 1787 verbis
1092 1744 1146 1789 res
1167 1745 1231 1789 uu·

136 1861 212 1926 gere
235 1840 337 1904 solere
359 1838 437 1902 satis
460 1838 587 1901 constat
600 1834 636 1919 5).

222 1955 324 2019 Plinii
346 1955 452 2018 aetate
480 1953 515 2016 in
539 1953 617 2016 urbe
648 1953 719 2015 erat
747 1954 925 2016 conventus
956 1973 1095 2038 magnae
1119 1955 1229 2039 partis

134 2071 268 2137 Aeoliae
312 2072 344 2135 et
378 2069 604 2145 Macedonum,
636 2068 754 2151 quibus
783 2067 1011 2152 Hyrcanorum
1042 2091 1230 2154 cognomen

136 2190 223 2264 erat,
246 2188 280 2251 et
302 2184 494 2271 Magnetum
516 2183 557 2247 ad
580 2180 729 2267 Sipylum
745 2181 779 2266 6).

221 2300 362 2388 (trajani,
386 2301 442 2385 qui
464 2300 579 2364 urbem
601 2300 699 2364 etiam
714 2319 872 2383 aquarum
894 2297 993 2362 ductu
1015 2297 1174 2363 instruxit
1188 2297 1225 2384 7),

133 2420 238 2483 aetate
271 2415 438 2501 Smyrnaei
468 2417 608 2502 primum
639 2414 804 2500 Νεωιιόροι
818 2413 859 2500 8),
902 2414 1015 2480 deinde
1054 2414 1116 2481 sub
1155 2414 1228 2481 Ha·

133 2533 245 2597 dnano
260 2531 285 2617 9)
308 2554 344 2598 ac
359 2531 515 2618 Septimio
533 2530 704 2615 sever010)
721 2529 798 2594 facti
820 2533 904 2595 sunt.
950 2530 1135 2595 Hadrianus
1148 2552 1228 2599 vero

134 2705 201 2755 ριος,
219 2684 300 2751 πολλὴ
318 2684 347 2738 δὲ
373 2683 514 2749 titurius,
539 2685 622 2752 φαίης
650 2680 686 2734 ἂν
707 2681 794 2735 ἑστίαν
819 2682 889 2737 εἶναι
906 2681 949 2748 τῆς
966 2680 1075 2752 ἧπείροο
1099 2681 1230 2745 παιδείας

135 2787 240 2842 suanam

211 2887 237 2959 1)
256 2885 386 2943 Philostr.
404 2887 453 2943 vit.
471 2886 590 2957 Sophist.
607 2905 636 2959 p.
655 2889 710 2943 220
728 2887 771 2944 ed.
788 2887 901 2958 Kayser.

210 2991 238 3061 2)
256 2988 333 3044 Idem
352 2989 371 3045 l.
389 3005 414 3044 c.
431 3005 459 3058 p.
479 2991 532 3044 337
551 2991 579 3042 et
598 2990 662 3044 ala.

205 3091 234 3162 3)
250 3090 363 3148 Aristid.
380 3089 401 3147 l.
418 3105 444 3144 o.
461 3087 549 3159 „rupte
572 3087 601 3141 «lt
619 3087 718 3149 τούτοις
737 3088 840 3163 χειρῶν
856 3089 923 3159 ἔργα
941 3091 1056 3141 παντοῖα
1081 3086 1131 3141 καὶ
1148 3090 1231 3163 φορὰ

133 3192 182 3263 γῆς
198 3192 245 3246 καὶ
261 3186 393 3256 «iulittae
410 3190 586 3262 ‘pulparum'

208 3292 236 3362 4)
254 3292 320 3349 Tae.
338 3307 401 3346 ann.
418 3290 472 3361 IV,
500 3293 532 3346 15
559 3294 587 3347 et
606 3290 641 3346 56
659 3289 696 3347 cl.
712 3291 805 3349 Reisk.
824 3291 860 3348 ad
876 3290 959 3347 Arist.
977 3289 1067 3361 Epist.
1084 3287 1121 3347 ad
1138 3287 1230 3361 Smyr.

134 3411 165 3465 p.
186 3394 248 3449 737.
276 3391 390 3464 Effigies
408 3391 489 3464 hujus
506 3393 603 3463 templi
620 3393 650 3447 in
666 3391 797 3462 Smyrnae
814 3392 933 3449 nummis
946 3391 1092 3446 invonitur.
1119 3389 1232 3447 Eokhd

139 3494 160 3551 L
178 3511 203 3553 o.
221 3494 252 3565 1,
271 3496 297 3550 3.
313 3511 342 3564 p.
362 3496 430 3565 5473
448 3493 572 3549 Mionnet
589 3493 632 3548 111
651 3495 720 3563 2193
738 3493 835 3565 Suppl.
851 3491 890 3549 VI
908 3495 970 3547 330.

75 3648 80 3655 ,
207 3596 235 3661 5)
252 3593 282 3662 1,
299 3612 327 3666 p.
346 3593 407 3649 767.
443 3593 485 3649 De
503 3593 587 3649 simili
604 3609 635 3647 re
651 3592 785 3649 Hadriani
801 3595 959 3665 temporum
977 3588 1013 3648 of.
1030 3589 1163 3647 rhum.
1181 3590 1232 3651 vit·

137 3692 257 3767 ,Sophia
275 3711 304 3765 p.
322 3695 385 3751 131.

131 3778 137 3793 ’
208 3796 237 3865 6)
256 3793 292 3851 of.
311 3793 381 3849 Plin.
400 3793 434 3850 N.
453 3792 488 3850 Η.
506 3792 547 3859 V,
566 3796 611 3849 31.
635 3822 660 3830 -
688 3769 773 3848 Cicer.
791 3808 842 3865 pro
861 3790 962 3847 Flacco
982 3793 1028 3846 29.
1047 3791 1091 3845 17.

208 3891 688 3967 nucnummmmm

207 3995 236 4067 s)
252 3994 357 4051 maure
375 3992 450 4049 evit.
466 3992 552 4049 neoc.
570 4010 599 4064 p.
617 3992 662 4048 σο.
683 4022 714 4030 -
734 3968 892 4047 nemun.
910 3992 945 4049 r.
964 3990 998 4047 v.
1018 3986 1050 4061 1,
1069 3993 1096 4047 2.
1114 4009 1144 4061 p.
1163 3992 1228 4047 rso.

137 4122 173 4137 -
189 4096 302 4155 Bosokh
319 4095 347 4150 in
369 4093 398 4151 0.
415 4094 437 4148 1.
457 4092 492 4149 G.
511 4111 538 4147 n.
558 4096 639 4149 3144.
658 4124 690 4132 -
709 4093 834 4148 Mionnet
851 4093 900 4148 ΙΙΙ.
921 4094 999 4148 1273.

209 4196 238 4267 3)
256 4194 364 4265 Eokhsl
382 4196 402 4250 1.
423 4211 447 4252 o.

207 4294 436 4387 Ι11))7300011110.
454 4295 479 4353 I.
496 4295 529 4352 G.
554 4311 582 4352 u.
601 4296 682 4352 3173.
718 4295 750 4351 In
766 4294 887 4373 nummis
905 4291 1079 4375 imperatoris
1097 4291 1236 4350 Gordiani
