<?xml version="1.0" encoding="UTF-8"?>
<!DOCTYPE html PUBLIC "-//W3C//DTD XHTML 1.0 Transitional//EN"
    "http://www.w3.org/TR/xhtml1/DTD/xhtml1-transitional.dtd">
<html xmlns="http://www.w3.org/1999/xhtml" xml:lang="en" lang="en">
 <head>
  <title>
</title>
<meta http-equiv="Content-Type" content="text/html;charset=utf-8" />
  <meta name='ocr-system' content='tesseract 3.04.00' />
  <meta name='ocr-capabilities' content='ocr_page ocr_carea ocr_par ocr_line ocrx_word'/>
</head>
<body>
  <div class='ocr_page' id='page_1' title='image "./desmyrnaeorumre00mylogoog_0052.png"; bbox 0 0 2724 4950; ppageno 0'>
   <div class='ocr_carea' id='block_1_1' title="bbox 580 267 630 330">
    <p class='ocr_par' dir='ltr' id='par_1_1' title="bbox 580 267 630 330">
     <span class='ocr_line' id='line_1_1' title="bbox 580 267 630 330; baseline 0 0"><span class='ocrx_word' id='word_1_1' title='bbox 580 267 630 330; x_wconf 56' lang='lat' dir='ltr'>*db</span> 
     </span>
    </p>
   </div>
   <div class='ocr_carea' id='block_1_2' title="bbox 51 434 1156 2152">
    <p class='ocr_par' dir='ltr' id='par_1_2' title="bbox 51 434 1155 1114">
     <span class='ocr_line' id='line_1_2' title="bbox 53 434 1152 526; baseline 0.009 -29"><span class='ocrx_word' id='word_1_2' title='bbox 53 434 163 518; x_wconf 68' lang='grc' dir='ltr'><strong><em>σωτὴρ</em></strong></span> <span class='ocrx_word' id='word_1_3' title='bbox 189 438 243 497; x_wconf 73' lang='grc' dir='ltr'>καὶ</span> <span class='ocrx_word' id='word_1_4' title='bbox 264 436 384 519; x_wconf 71' lang='grc' dir='ltr'>κτίστης</span> <span class='ocrx_word' id='word_1_5' title='bbox 410 438 463 520; x_wconf 62' lang='lat' dir='ltr'>abc</span> <span class='ocrx_word' id='word_1_6' title='bbox 485 435 609 510; x_wconf 76' lang='grc' dir='ltr'><strong><em>πόλεως</em></strong></span> <span class='ocrx_word' id='word_1_7' title='bbox 624 436 648 521; x_wconf 80' lang='grc' dir='ltr'>ι)</span> <span class='ocrx_word' id='word_1_8' title='bbox 677 435 864 503; x_wconf 78' lang='lat' dir='ltr'>nominatus</span> <span class='ocrx_word' id='word_1_9' title='bbox 893 443 958 518; x_wconf 84' lang='lat' dir='ltr'>est;</span> <span class='ocrx_word' id='word_1_10' title='bbox 989 454 1086 526; x_wconf 86' lang='lat' dir='ltr'>quam</span> <span class='ocrx_word' id='word_1_11' title='bbox 1109 443 1152 507; x_wconf 91' lang='lat' dir='ltr'>ob</span> 
     </span>
     <span class='ocr_line' id='line_1_3' title="bbox 52 551 1153 640; baseline 0.007 -26"><span class='ocrx_word' id='word_1_12' title='bbox 52 572 126 614; x_wconf 90' lang='lat' dir='ltr'>rem</span> <span class='ocrx_word' id='word_1_13' title='bbox 150 551 228 614; x_wconf 89' lang='lat' dir='ltr'>urbs</span> <span class='ocrx_word' id='word_1_14' title='bbox 251 572 270 614; x_wconf 89' lang='lat' dir='ltr'>a</span> <span class='ocrx_word' id='word_1_15' title='bbox 292 551 424 616; x_wconf 91' lang='lat' dir='ltr'>nomine</span> <span class='ocrx_word' id='word_1_16' title='bbox 447 553 514 634; x_wconf 84' lang='lat' dir='ltr'>ejus</span> <span class='ocrx_word' id='word_1_17' title='bbox 534 551 688 637; x_wconf 75' lang='grc' dir='ltr'><strong><em>Ἀδριανή</em></strong></span> <span class='ocrx_word' id='word_1_18' title='bbox 710 555 936 639; x_wconf 88' lang='lat' dir='ltr'>appellabatur</span> <span class='ocrx_word' id='word_1_19' title='bbox 948 555 973 639; x_wconf 72' lang='grc'>2)</span> <span class='ocrx_word' id='word_1_20' title='bbox 996 560 1093 640; x_wconf 88' lang='lat' dir='ltr'>atque</span> <span class='ocrx_word' id='word_1_21' title='bbox 1117 559 1153 623; x_wconf 90' lang='lat' dir='ltr'>in</span> 
     </span>
     <span class='ocr_line' id='line_1_4' title="bbox 55 667 1152 758; baseline 0.005 -27"><span class='ocrx_word' id='word_1_22' title='bbox 55 668 131 752; x_wconf 82' lang='lat' dir='ltr'>ejus</span> <span class='ocrx_word' id='word_1_23' title='bbox 170 667 329 735; x_wconf 87' lang='lat' dir='ltr'>honorem</span> <span class='ocrx_word' id='word_1_24' title='bbox 359 667 514 753; x_wconf 80' lang='lat' dir='ltr'>Smyrnae</span> <span class='ocrx_word' id='word_1_25' title='bbox 543 667 713 752; x_wconf 75' lang='grc' dir='ltr'><strong><em>Ὀλύμπιοι</em></strong></span> <span class='ocrx_word' id='word_1_26' title='bbox 744 675 798 733; x_wconf 76' lang='grc' dir='ltr'>καὶ</span> <span class='ocrx_word' id='word_1_27' title='bbox 831 671 951 751; x_wconf 77' lang='grc' dir='ltr'><strong><em>ἀγῶνες</em></strong></span> <span class='ocrx_word' id='word_1_28' title='bbox 981 670 1152 758; x_wconf 73' lang='grc' dir='ltr'><strong><em>(Ἀδριανά</em></strong></span> 
     </span>
     <span class='ocr_line' id='line_1_5' title="bbox 51 782 1155 874; baseline 0.005 -27"><span class='ocrx_word' id='word_1_29' title='bbox 51 782 219 866; x_wconf 80' lang='grc' dir='ltr'><strong><em>Ὀλύμπια</em></strong></span> <span class='ocrx_word' id='word_1_30' title='bbox 234 783 260 866; x_wconf 65' lang='grc' dir='ltr'>Β)</span> <span class='ocrx_word' id='word_1_31' title='bbox 293 786 554 863; x_wconf 80' lang='lat' dir='ltr'>celebrabantur,</span> <span class='ocrx_word' id='word_1_32' title='bbox 585 809 624 852; x_wconf 86' lang='lat' dir='ltr'>ex</span> <span class='ocrx_word' id='word_1_33' title='bbox 647 787 764 872; x_wconf 86' lang='lat' dir='ltr'>quibus</span> <span class='ocrx_word' id='word_1_34' title='bbox 785 789 963 874; x_wconf 90' lang='lat' dir='ltr'>imperator</span> <span class='ocrx_word' id='word_1_35' title='bbox 979 787 1155 871; x_wconf 79' lang='grc' dir='ltr'><strong><em>Ὀλύμπιος</em></strong></span> 
     </span>
     <span class='ocr_line' id='line_1_6' title="bbox 55 898 1152 985; baseline 0.005 -21"><span class='ocrx_word' id='word_1_36' title='bbox 55 899 249 965; x_wconf 84' lang='lat' dir='ltr'>nominatus</span> <span class='ocrx_word' id='word_1_37' title='bbox 285 898 381 985; x_wconf 76' lang='lat' dir='ltr'>est4).</span> <span class='ocrx_word' id='word_1_38' title='bbox 436 899 516 965; x_wconf 87' lang='lat' dir='ltr'>Jure</span> <span class='ocrx_word' id='word_1_39' title='bbox 543 922 618 965; x_wconf 87' lang='lat' dir='ltr'>vero</span> <span class='ocrx_word' id='word_1_40' title='bbox 648 901 834 967; x_wconf 86' lang='lat' dir='ltr'>Bocclrhius</span> <span class='ocrx_word' id='word_1_41' title='bbox 873 904 908 967; x_wconf 95' lang='lat' dir='ltr'>in</span> <span class='ocrx_word' id='word_1_42' title='bbox 930 903 964 969; x_wconf 81' lang='grc' dir='ltr'>Ο.</span> <span class='ocrx_word' id='word_1_43' title='bbox 987 905 1012 969; x_wconf 95' lang='grc' dir='ltr'>Ι.</span> <span class='ocrx_word' id='word_1_44' title='bbox 1036 904 1074 970; x_wconf 87' lang='lat' dir='ltr'>G.</span> <span class='ocrx_word' id='word_1_45' title='bbox 1102 927 1152 971; x_wconf 84' lang='lat' dir='ltr'>nr.</span> 
     </span>
     <span class='ocr_line' id='line_1_7' title="bbox 58 1018 1151 1114; baseline 0.005 -32"><span class='ocrx_word' id='word_1_46' title='bbox 58 1019 149 1083; x_wconf 85' lang='lat'>3175</span> <span class='ocrx_word' id='word_1_47' title='bbox 162 1019 303 1104; x_wconf 82' lang='lat' dir='ltr'>conjicit,</span> <span class='ocrx_word' id='word_1_48' title='bbox 323 1018 481 1084; x_wconf 87' lang='lat' dir='ltr'>Hadriani</span> <span class='ocrx_word' id='word_1_49' title='bbox 488 1019 580 1103; x_wconf 86' lang='lat' dir='ltr'>jussu</span> <span class='ocrx_word' id='word_1_50' title='bbox 592 1019 671 1114; x_wconf 84' lang='lat' dir='ltr'>haec</span> <span class='ocrx_word' id='word_1_51' title='bbox 685 1022 863 1086; x_wconf 87' lang='lat' dir='ltr'>certamina</span> <span class='ocrx_word' id='word_1_52' title='bbox 878 1023 1028 1087; x_wconf 88' lang='lat' dir='ltr'>instituta</span> <span class='ocrx_word' id='word_1_53' title='bbox 1036 1045 1103 1087; x_wconf 83' lang='lat' dir='ltr'>esse</span> <span class='ocrx_word' id='word_1_54' title='bbox 1116 1020 1151 1108; x_wconf 83' lang='lat'>⁶).</span> 
     </span>
    </p>

    <p class='ocr_par' dir='ltr' id='par_1_3' title="bbox 59 1133 1154 1338">
     <span class='ocr_line' id='line_1_8' title="bbox 151 1133 1154 1222; baseline 0.005 -23"><span class='ocrx_word' id='word_1_55' title='bbox 151 1133 224 1200; x_wconf 89' lang='lat' dir='ltr'>Hoc</span> <span class='ocrx_word' id='word_1_56' title='bbox 245 1135 345 1218; x_wconf 81' lang='lat' dir='ltr'>igitur</span> <span class='ocrx_word' id='word_1_57' title='bbox 366 1136 462 1200; x_wconf 92' lang='lat' dir='ltr'>modo</span> <span class='ocrx_word' id='word_1_58' title='bbox 485 1134 624 1220; x_wconf 84' lang='lat' dir='ltr'>Smyrna</span> <span class='ocrx_word' id='word_1_59' title='bbox 646 1137 768 1200; x_wconf 84' lang='lat' dir='ltr'>divitiis</span> <span class='ocrx_word' id='word_1_60' title='bbox 799 1140 897 1222; x_wconf 90' lang='lat' dir='ltr'>atque</span> <span class='ocrx_word' id='word_1_61' title='bbox 919 1138 1035 1222; x_wconf 85' lang='lat' dir='ltr'>opibus</span> <span class='ocrx_word' id='word_1_62' title='bbox 1058 1137 1154 1204; x_wconf 88' lang='lat' dir='ltr'>flore-</span> 
     </span>
     <span class='ocr_line' id='line_1_9' title="bbox 59 1249 1012 1338; baseline 0.005 -25"><span class='ocrx_word' id='word_1_63' title='bbox 59 1249 122 1313; x_wconf 88' lang='lat' dir='ltr'>bat</span> <span class='ocrx_word' id='word_1_64' title='bbox 144 1251 177 1313; x_wconf 89' lang='lat' dir='ltr'>et</span> <span class='ocrx_word' id='word_1_65' title='bbox 199 1249 367 1315; x_wconf 78' lang='lat' dir='ltr'>fruebatur</span> <span class='ocrx_word' id='word_1_66' title='bbox 393 1250 613 1316; x_wconf 78' lang='lat' dir='ltr'>Romanorum</span> <span class='ocrx_word' id='word_1_67' title='bbox 636 1253 870 1338; x_wconf 87' lang='lat' dir='ltr'>imperatorum</span> <span class='ocrx_word' id='word_1_68' title='bbox 892 1254 1012 1319; x_wconf 83' lang='lat' dir='ltr'>favore.</span> 
     </span>
    </p>

    <p class='ocr_par' dir='ltr' id='par_1_4' title="bbox 61 1363 1156 2152">
     <span class='ocr_line' id='line_1_10' title="bbox 151 1363 1150 1452; baseline 0.005 -22"><span class='ocrx_word' id='word_1_69' title='bbox 151 1363 213 1430; x_wconf 82' lang='lat' dir='ltr'>Sed</span> <span class='ocrx_word' id='word_1_70' title='bbox 234 1365 358 1430; x_wconf 78' lang='lat' dir='ltr'>incolae</span> <span class='ocrx_word' id='word_1_71' title='bbox 380 1365 476 1430; x_wconf 88' lang='lat' dir='ltr'>Iones</span> <span class='ocrx_word' id='word_1_72' title='bbox 497 1365 547 1430; x_wconf 91' lang='lat' dir='ltr'>illi</span> <span class='ocrx_word' id='word_1_73' title='bbox 569 1369 694 1432; x_wconf 82' lang='lat' dir='ltr'>veteres</span> <span class='ocrx_word' id='word_1_74' title='bbox 716 1390 784 1433; x_wconf 93' lang='lat' dir='ltr'>non</span> <span class='ocrx_word' id='word_1_75' title='bbox 803 1369 871 1452; x_wconf 89' lang='lat' dir='ltr'>jam</span> <span class='ocrx_word' id='word_1_76' title='bbox 896 1373 998 1448; x_wconf 81' lang='lat' dir='ltr'>erant,</span> <span class='ocrx_word' id='word_1_77' title='bbox 1022 1371 1150 1435; x_wconf 84' lang='lat' dir='ltr'>etiamsi</span> 
     </span>
     <span class='ocr_line' id='line_1_11' title="bbox 61 1482 1156 1568; baseline 0.003 -20"><span class='ocrx_word' id='word_1_78' title='bbox 61 1482 177 1548; x_wconf 87' lang='lat' dir='ltr'>Ionica</span> <span class='ocrx_word' id='word_1_79' title='bbox 198 1482 335 1548; x_wconf 85' lang='lat' dir='ltr'>dialecto</span> <span class='ocrx_word' id='word_1_80' title='bbox 358 1484 553 1568; x_wconf 75' lang='grc' dir='ltr'><strong><em>ψηφίσματα</em></strong></span> <span class='ocrx_word' id='word_1_81' title='bbox 576 1483 762 1547; x_wconf 78' lang='lat' dir='ltr'>scribebant</span> <span class='ocrx_word' id='word_1_82' title='bbox 777 1483 803 1567; x_wconf 72' lang='grc'>6)</span> <span class='ocrx_word' id='word_1_83' title='bbox 825 1487 858 1548; x_wconf 89' lang='lat' dir='ltr'>et</span> <span class='ocrx_word' id='word_1_84' title='bbox 879 1489 1051 1548; x_wconf 81' lang='grc' dir='ltr'><strong><em>Πανιώνια</em></strong></span> <span class='ocrx_word' id='word_1_85' title='bbox 1073 1485 1156 1551; x_wconf 87' lang='lat' dir='ltr'>cele-</span> 
     </span>
     <span class='ocr_line' id='line_1_12' title="bbox 70 1579 1154 1684; baseline 0.003 -21"><span class='ocrx_word' id='word_1_86' title='bbox 70 1579 227 1663; x_wconf 84' lang='lat' dir='ltr'>brabant:</span> <span class='ocrx_word' id='word_1_87' title='bbox 256 1598 391 1684; x_wconf 82' lang='lat' dir='ltr'>ingenui</span> <span class='ocrx_word' id='word_1_88' title='bbox 411 1598 496 1662; x_wconf 91' lang='lat' dir='ltr'>enim</span> <span class='ocrx_word' id='word_1_89' title='bbox 519 1620 625 1663; x_wconf 85' lang='lat' dir='ltr'>mores</span> <span class='ocrx_word' id='word_1_90' title='bbox 654 1620 692 1664; x_wconf 89' lang='lat' dir='ltr'>ac</span> <span class='ocrx_word' id='word_1_91' title='bbox 721 1601 860 1684; x_wconf 87' lang='lat' dir='ltr'>pristina</span> <span class='ocrx_word' id='word_1_92' title='bbox 888 1602 1060 1665; x_wconf 87' lang='lat' dir='ltr'>concordia</span> <span class='ocrx_word' id='word_1_93' title='bbox 1083 1623 1154 1666; x_wconf 83' lang='lat' dir='ltr'>eva-</span> 
     </span>
     <span class='ocr_line' id='line_1_13' title="bbox 64 1712 1155 1801; baseline 0.002 -21"><span class='ocrx_word' id='word_1_94' title='bbox 64 1717 207 1780; x_wconf 85' lang='lat' dir='ltr'>nuerant</span> <span class='ocrx_word' id='word_1_95' title='bbox 221 1712 248 1801; x_wconf 69' lang='grc' dir='ltr'>ἵ)</span> <span class='ocrx_word' id='word_1_96' title='bbox 280 1717 316 1780; x_wconf 89' lang='lat' dir='ltr'>et</span> <span class='ocrx_word' id='word_1_97' title='bbox 337 1715 437 1780; x_wconf 88' lang='lat' dir='ltr'>animi</span> <span class='ocrx_word' id='word_1_98' title='bbox 458 1715 587 1778; x_wconf 85' lang='lat' dir='ltr'>luxuria</span> <span class='ocrx_word' id='word_1_99' title='bbox 608 1715 786 1780; x_wconf 86' lang='lat' dir='ltr'>effeminati</span> <span class='ocrx_word' id='word_1_100' title='bbox 808 1719 894 1781; x_wconf 89' lang='lat' dir='ltr'>sunt.</span> <span class='ocrx_word' id='word_1_101' title='bbox 949 1717 1069 1801; x_wconf 78' lang='lat' dir='ltr'>Itaque</span> <span class='ocrx_word' id='word_1_102' title='bbox 1082 1717 1155 1801; x_wconf 87' lang='lat' dir='ltr'>juro</span> 
     </span>
     <span class='ocr_line' id='line_1_14' title="bbox 63 1829 1156 1916; baseline 0.001 -20"><span class='ocrx_word' id='word_1_103' title='bbox 63 1829 264 1916; x_wconf 81' lang='lat' dir='ltr'>Apollonius</span> <span class='ocrx_word' id='word_1_104' title='bbox 287 1829 457 1914; x_wconf 87' lang='lat' dir='ltr'>Tyanaeus</span> <span class='ocrx_word' id='word_1_105' title='bbox 480 1830 615 1894; x_wconf 87' lang='lat' dir='ltr'>miratus</span> <span class='ocrx_word' id='word_1_106' title='bbox 637 1833 700 1909; x_wconf 81' lang='lat' dir='ltr'>eet,</span> <span class='ocrx_word' id='word_1_107' title='bbox 724 1853 796 1895; x_wconf 89' lang='lat' dir='ltr'>curn</span> <span class='ocrx_word' id='word_1_108' title='bbox 817 1831 1156 1916; x_wconf 67' lang='lat' dir='ltr'>illosssmyrnaeorum</span> 
     </span>
     <span class='ocr_line' id='line_1_15' title="bbox 66 1944 1156 2032; baseline 0.001 -21"><span class='ocrx_word' id='word_1_109' title='bbox 66 1966 175 2011; x_wconf 79' lang='lat' dir='ltr'>mores</span> <span class='ocrx_word' id='word_1_110' title='bbox 209 1946 331 2012; x_wconf 86' lang='lat' dir='ltr'>videret</span> <span class='ocrx_word' id='word_1_111' title='bbox 364 1967 484 2029; x_wconf 88' lang='lat' dir='ltr'>eosque</span> <span class='ocrx_word' id='word_1_112' title='bbox 517 1945 621 2010; x_wconf 79' lang='lat' dir='ltr'>soluit</span> <span class='ocrx_word' id='word_1_113' title='bbox 649 1944 700 2030; x_wconf 76' lang='grc' dir='ltr'>ἐφ’</span> <span class='ocrx_word' id='word_1_114' title='bbox 722 1944 845 2020; x_wconf 76' lang='grc' dir='ltr'><em>ἑαυτοῖς</em></span> <span class='ocrx_word' id='word_1_115' title='bbox 866 1947 994 2030; x_wconf 77' lang='grc' dir='ltr'><strong><em>μᾶλλον</em></strong></span> <span class='ocrx_word' id='word_1_116' title='bbox 1023 1956 1156 2032; x_wconf 77' lang='grc' dir='ltr'><strong><em>φρονεῖν</em></strong></span> 
     </span>
     <span class='ocr_line' id='line_1_16' title="bbox 65 2060 1155 2152; baseline 0.002 -28"><span class='ocrx_word' id='word_1_117' title='bbox 65 2063 89 2146; x_wconf 75' lang='grc' dir='ltr'><em>ἢ</em></span> <span class='ocrx_word' id='word_1_118' title='bbox 109 2065 154 2147; x_wconf 72' lang='grc' dir='ltr'>τῷ</span> <span class='ocrx_word' id='word_1_119' title='bbox 175 2062 230 2152; x_wconf 58' lang='lat' dir='ltr'>ufic</span> <span class='ocrx_word' id='word_1_120' title='bbox 250 2060 375 2135; x_wconf 78' lang='grc' dir='ltr'><strong><em>πόλεως</em></strong></span> <span class='ocrx_word' id='word_1_121' title='bbox 387 2060 475 2138; x_wconf 78' lang='grc' dir='ltr'><strong><em>εἴδει,</em></strong></span> <span class='ocrx_word' id='word_1_122' title='bbox 499 2060 593 2146; x_wconf 72' lang='grc' dir='ltr'><strong><em>ἥδιον</em></strong></span> <span class='ocrx_word' id='word_1_123' title='bbox 616 2061 652 2125; x_wconf 75' lang='grc' dir='ltr'>δὲ</span> <span class='ocrx_word' id='word_1_124' title='bbox 676 2061 814 2145; x_wconf 73' lang='grc' dir='ltr'><strong><em>ἀνδράσι</em></strong></span> <span class='ocrx_word' id='word_1_125' title='bbox 835 2064 891 2148; x_wconf 79' lang='grc' dir='ltr'>τήν</span> <span class='ocrx_word' id='word_1_126' title='bbox 905 2063 1001 2128; x_wconf 78' lang='grc' dir='ltr'><strong><em>πόλιν</em></strong></span> <span class='ocrx_word' id='word_1_127' title='bbox 1023 2063 1155 2149; x_wconf 72' lang='grc' dir='ltr'>(αὐτῶν)</span> 
     </span>
    </p>
   </div>
   <div class='ocr_carea' id='block_1_3' title="bbox 64 2328 1156 2502">
    <p class='ocr_par' dir='ltr' id='par_1_5' title="bbox 64 2328 1156 2502">
     <span class='ocr_line' id='line_1_17' title="bbox 64 2328 1156 2400; baseline -0.002 -15"><span class='ocrx_word' id='word_1_128' title='bbox 64 2346 112 2400; x_wconf 85' lang='lat' dir='ltr'>ap.</span> <span class='ocrx_word' id='word_1_129' title='bbox 128 2329 253 2385; x_wconf 81' lang='lat' dir='ltr'>Mionnet</span> <span class='ocrx_word' id='word_1_130' title='bbox 270 2328 311 2384; x_wconf 89' lang='lat' dir='ltr'>III</span> <span class='ocrx_word' id='word_1_131' title='bbox 328 2345 357 2383; x_wconf 92' lang='lat' dir='ltr'>n.</span> <span class='ocrx_word' id='word_1_132' title='bbox 378 2328 582 2399; x_wconf 84' lang='lat' dir='ltr'>14161egimus</span> <span class='ocrx_word' id='word_1_133' title='bbox 604 2331 709 2383; x_wconf 78' lang='lat' dir='ltr'><em>OMYP.</em></span> <span class='ocrx_word' id='word_1_134' title='bbox 728 2335 749 2382; x_wconf 88' lang='lat' dir='ltr'><em>A</em></span> <span class='ocrx_word' id='word_1_135' title='bbox 769 2331 918 2382; x_wconf 72' lang='lat' dir='ltr'>aaaron</span> <span class='ocrx_word' id='word_1_136' title='bbox 935 2330 1046 2384; x_wconf 90' lang='lat' dir='ltr'>omnino</span> <span class='ocrx_word' id='word_1_137' title='bbox 1066 2328 1156 2399; x_wconf 89' lang='lat' dir='ltr'>Smyr·</span> 
     </span>
     <span class='ocr_line' id='line_1_18' title="bbox 65 2427 1156 2502; baseline 0 -18"><span class='ocrx_word' id='word_1_138' title='bbox 65 2430 130 2484; x_wconf 84' lang='lat' dir='ltr'>naci</span> <span class='ocrx_word' id='word_1_139' title='bbox 149 2430 287 2499; x_wconf 81' lang='grc' dir='ltr'><strong><em>Νεωκὸροι</em></strong></span> <span class='ocrx_word' id='word_1_140' title='bbox 310 2429 363 2482; x_wconf 68' lang='grc' dir='ltr'>τοῖν</span> <span class='ocrx_word' id='word_1_141' title='bbox 386 2427 527 2498; x_wconf 73' lang='grc' dir='ltr'><strong><em>Σεβασιιόν</em></strong></span> <span class='ocrx_word' id='word_1_142' title='bbox 553 2429 636 2483; x_wconf 86' lang='lat' dir='ltr'>etiam</span> <span class='ocrx_word' id='word_1_143' title='bbox 664 2428 706 2494; x_wconf 76' lang='grc' dir='ltr'>τῆς</span> <span class='ocrx_word' id='word_1_144' title='bbox 724 2427 793 2488; x_wconf 65' lang='lat' dir='ltr'>Sede</span> <span class='ocrx_word' id='word_1_145' title='bbox 807 2428 913 2502; x_wconf 75' lang='grc' dir='ltr'><strong><em>Ῥώμης</em></strong></span> <span class='ocrx_word' id='word_1_146' title='bbox 935 2431 1156 2485; x_wconf 80' lang='lat' dir='ltr'>nominabantur.</span> 
     </span>
    </p>
   </div>
   <div class='ocr_carea' id='block_1_4' title="bbox 67 2528 1156 2600">
    <p class='ocr_par' dir='ltr' id='par_1_6' title="bbox 67 2528 1156 2600">
     <span class='ocr_line' id='line_1_19' title="bbox 67 2528 1156 2600; baseline 0 -14"><span class='ocrx_word' id='word_1_147' title='bbox 67 2529 178 2587; x_wconf 82' lang='lat' dir='ltr'>Eckhel</span> <span class='ocrx_word' id='word_1_148' title='bbox 194 2529 229 2586; x_wconf 84' lang='grc' dir='ltr'>Ι).</span> <span class='ocrx_word' id='word_1_149' title='bbox 246 2529 281 2586; x_wconf 79' lang='grc' dir='ltr'>Ν.</span> <span class='ocrx_word' id='word_1_150' title='bbox 300 2529 335 2587; x_wconf 86' lang='lat' dir='ltr'>V.</span> <span class='ocrx_word' id='word_1_151' title='bbox 353 2529 375 2600; x_wconf 88' lang='lat'>1,</span> <span class='ocrx_word' id='word_1_152' title='bbox 395 2533 421 2584; x_wconf 82' lang='lat'>2.</span> <span class='ocrx_word' id='word_1_153' title='bbox 439 2546 468 2598; x_wconf 89' lang='lat' dir='ltr'>p.</span> <span class='ocrx_word' id='word_1_154' title='bbox 487 2528 549 2583; x_wconf 78' lang='grc'>559.</span> <span class='ocrx_word' id='word_1_155' title='bbox 568 2528 680 2584; x_wconf 87' lang='lat' dir='ltr'>Boeckh</span> <span class='ocrx_word' id='word_1_156' title='bbox 698 2528 814 2585; x_wconf 65' lang='grc'>(11.6.</span> <span class='ocrx_word' id='word_1_157' title='bbox 832 2547 859 2585; x_wconf 86' lang='lat' dir='ltr'>n.</span> <span class='ocrx_word' id='word_1_158' title='bbox 878 2532 960 2585; x_wconf 81' lang='grc'><strong>3179.</strong></span> <span class='ocrx_word' id='word_1_159' title='bbox 976 2534 1056 2586; x_wconf 86' lang='grc'><strong>3191.</strong></span> <span class='ocrx_word' id='word_1_160' title='bbox 1075 2534 1156 2586; x_wconf 85' lang='grc'><strong>3197.</strong></span> 
     </span>
    </p>
   </div>
   <div class='ocr_carea' id='block_1_5' title="bbox 50 2659 1161 4237">
    <p class='ocr_par' dir='ltr' id='par_1_7' title="bbox 142 2659 1092 2731">
     <span class='ocr_line' id='line_1_20' title="bbox 142 2659 1092 2731; baseline -0.003 -17"><span class='ocrx_word' id='word_1_161' title='bbox 142 2659 408 2730; x_wconf 57' lang='grc' dir='ltr'>ΠΟ1ΘΜΜ</span> <span class='ocrx_word' id='word_1_162' title='bbox 984 2683 986 2688; x_wconf 93' lang='grc'><strong><em>·</em></strong></span> <span class='ocrx_word' id='word_1_163' title='bbox 1087 2720 1092 2731; x_wconf 22' lang='grc' dir='ltr'>ὁ</span> 
     </span>
    </p>

    <p class='ocr_par' dir='ltr' id='par_1_8' title="bbox 64 2754 1155 2931">
     <span class='ocr_line' id='line_1_21' title="bbox 141 2754 1155 2829; baseline 0.001 -15"><span class='ocrx_word' id='word_1_164' title='bbox 141 2754 170 2828; x_wconf 80' lang='grc'>9)</span> <span class='ocrx_word' id='word_1_165' title='bbox 187 2759 294 2815; x_wconf 84' lang='lat' dir='ltr'>Eokhei</span> <span class='ocrx_word' id='word_1_166' title='bbox 321 2759 355 2812; x_wconf 94' lang='lat' dir='ltr'>D.</span> <span class='ocrx_word' id='word_1_167' title='bbox 381 2758 415 2813; x_wconf 86' lang='lat' dir='ltr'>N.</span> <span class='ocrx_word' id='word_1_168' title='bbox 441 2757 474 2814; x_wconf 88' lang='lat' dir='ltr'>V.</span> <span class='ocrx_word' id='word_1_169' title='bbox 501 2757 529 2829; x_wconf 89' lang='lat'>1,</span> <span class='ocrx_word' id='word_1_170' title='bbox 558 2762 582 2813; x_wconf 88' lang='grc'>2.</span> <span class='ocrx_word' id='word_1_171' title='bbox 607 2777 634 2828; x_wconf 89' lang='lat' dir='ltr'>p.</span> <span class='ocrx_word' id='word_1_172' title='bbox 660 2761 722 2814; x_wconf 83' lang='grc'><strong>544.</strong></span> <span class='ocrx_word' id='word_1_173' title='bbox 748 2788 780 2797; x_wconf 94' lang='grc'>-</span> <span class='ocrx_word' id='word_1_174' title='bbox 807 2760 932 2815; x_wconf 92' lang='lat' dir='ltr'>Mionnet</span> <span class='ocrx_word' id='word_1_175' title='bbox 955 2761 1004 2815; x_wconf 90' lang='lat' dir='ltr'>III.</span> <span class='ocrx_word' id='word_1_176' title='bbox 1024 2763 1103 2815; x_wconf 88' lang='lat'>1109.</span> <span class='ocrx_word' id='word_1_177' title='bbox 1123 2790 1155 2799; x_wconf 94' lang='lat'>—</span> 
     </span>
     <span class='ocr_line' id='line_1_22' title="bbox 64 2858 832 2931; baseline -0.004 -14"><span class='ocrx_word' id='word_1_178' title='bbox 64 2859 163 2931; x_wconf 82' lang='lat' dir='ltr'>Suppl.</span> <span class='ocrx_word' id='word_1_179' title='bbox 181 2858 229 2916; x_wconf 80' lang='lat' dir='ltr'>VI.</span> <span class='ocrx_word' id='word_1_180' title='bbox 249 2861 329 2916; x_wconf 83' lang='grc'><strong>1548.</strong></span> <span class='ocrx_word' id='word_1_181' title='bbox 348 2859 383 2914; x_wconf 84' lang='lat' dir='ltr'>cf.</span> <span class='ocrx_word' id='word_1_182' title='bbox 399 2859 528 2914; x_wconf 88' lang='lat' dir='ltr'>Philostr.</span> <span class='ocrx_word' id='word_1_183' title='bbox 545 2860 575 2913; x_wconf 94' lang='lat' dir='ltr'>in</span> <span class='ocrx_word' id='word_1_184' title='bbox 593 2860 651 2913; x_wconf 86' lang='lat' dir='ltr'>vita</span> <span class='ocrx_word' id='word_1_185' title='bbox 668 2859 832 2914; x_wconf 88' lang='lat' dir='ltr'>Polemonis.</span> 
     </span>
    </p>

    <p class='ocr_par' dir='ltr' id='par_1_9' title="bbox 141 2955 652 3032">
     <span class='ocr_line' id='line_1_23' title="bbox 141 2955 652 3032; baseline -0.008 -16"><span class='ocrx_word' id='word_1_186' title='bbox 141 2959 169 3032; x_wconf 86' lang='grc'>3)</span> <span class='ocrx_word' id='word_1_187' title='bbox 188 2959 317 3015; x_wconf 90' lang='lat' dir='ltr'>Philostr.</span> <span class='ocrx_word' id='word_1_188' title='bbox 336 2955 385 3016; x_wconf 80' lang='lat' dir='ltr'>uit.</span> <span class='ocrx_word' id='word_1_189' title='bbox 403 2959 522 3031; x_wconf 85' lang='lat' dir='ltr'>Sophist.</span> <span class='ocrx_word' id='word_1_190' title='bbox 541 2978 571 3030; x_wconf 85' lang='lat' dir='ltr'>p.</span> <span class='ocrx_word' id='word_1_191' title='bbox 592 2965 652 3016; x_wconf 82' lang='grc'>297.</span> 
     </span>
    </p>

    <p class='ocr_par' dir='ltr' id='par_1_10' title="bbox 53 3054 473 3127">
     <span class='ocr_line' id='line_1_24' title="bbox 53 3054 473 3127; baseline -0.005 -10"><span class='ocrx_word' id='word_1_192' title='bbox 53 3077 57 3082; x_wconf 87' lang='grc'><strong>’</strong></span> <span class='ocrx_word' id='word_1_193' title='bbox 140 3056 172 3127; x_wconf 85' lang='grc'>4)</span> <span class='ocrx_word' id='word_1_194' title='bbox 190 3060 220 3117; x_wconf 80' lang='lat' dir='ltr'>G.</span> <span class='ocrx_word' id='word_1_195' title='bbox 239 3061 260 3114; x_wconf 92' lang='lat'>1.</span> <span class='ocrx_word' id='word_1_196' title='bbox 280 3054 313 3117; x_wconf 73' lang='lat' dir='ltr'>(i.</span> <span class='ocrx_word' id='word_1_197' title='bbox 334 3080 376 3116; x_wconf 87' lang='lat' dir='ltr'>nr.</span> <span class='ocrx_word' id='word_1_198' title='bbox 394 3063 473 3116; x_wconf 87' lang='grc'>3174.</span> 
     </span>
    </p>

    <p class='ocr_par' dir='ltr' id='par_1_11' title="bbox 50 3159 1158 3634">
     <span class='ocr_line' id='line_1_25' title="bbox 140 3159 1157 3232; baseline -0.001 -14"><span class='ocrx_word' id='word_1_199' title='bbox 140 3159 169 3231; x_wconf 83' lang='grc'>5)</span> <span class='ocrx_word' id='word_1_200' title='bbox 188 3161 345 3232; x_wconf 77' lang='lat' dir='ltr'>„Quantum</span> <span class='ocrx_word' id='word_1_201' title='bbox 364 3162 511 3217; x_wconf 84' lang='lat' dir='ltr'>divinando</span> <span class='ocrx_word' id='word_1_202' title='bbox 530 3162 636 3231; x_wconf 79' lang='lat' dir='ltr'>assequi</span> <span class='ocrx_word' id='word_1_203' title='bbox 663 3161 729 3216; x_wconf 86' lang='lat' dir='ltr'>licet</span> <span class='ocrx_word' id='word_1_204' title='bbox 747 3160 901 3215; x_wconf 81' lang='lat' dir='ltr'>Hadrianus</span> <span class='ocrx_word' id='word_1_205' title='bbox 921 3161 1075 3232; x_wconf 73' lang='lat' dir='ltr'>Smyrnaeis</span> <span class='ocrx_word' id='word_1_206' title='bbox 1094 3180 1157 3217; x_wconf 91' lang='lat' dir='ltr'>con·</span> 
     </span>
     <span class='ocr_line' id='line_1_26' title="bbox 63 3262 1157 3332; baseline -0.002 -14"><span class='ocrx_word' id='word_1_207' title='bbox 63 3263 238 3318; x_wconf 84' lang='lat' dir='ltr'>stitutionem</span> <span class='ocrx_word' id='word_1_208' title='bbox 257 3265 382 3319; x_wconf 84' lang='lat' dir='ltr'>ediderat</span> <span class='ocrx_word' id='word_1_209' title='bbox 400 3264 435 3318; x_wconf 88' lang='lat' dir='ltr'>de</span> <span class='ocrx_word' id='word_1_210' title='bbox 453 3264 528 3318; x_wconf 89' lang='lat' dir='ltr'>festis</span> <span class='ocrx_word' id='word_1_211' title='bbox 545 3263 727 3327; x_wconf 87' lang='lat' dir='ltr'>instituendis,</span> <span class='ocrx_word' id='word_1_212' title='bbox 746 3263 829 3317; x_wconf 92' lang='lat' dir='ltr'>credo</span> <span class='ocrx_word' id='word_1_213' title='bbox 848 3264 882 3317; x_wconf 92' lang='lat' dir='ltr'>de</span> <span class='ocrx_word' id='word_1_214' title='bbox 902 3263 1033 3332; x_wconf 89' lang='lat' dir='ltr'>Olympiis</span> <span class='ocrx_word' id='word_1_215' title='bbox 1051 3262 1157 3317; x_wconf 88' lang='lat' dir='ltr'>sociali-</span> 
     </span>
     <span class='ocr_line' id='line_1_27' title="bbox 50 3362 1158 3434; baseline 0.004 -20"><span class='ocrx_word' id='word_1_216' title='bbox 50 3365 120 3420; x_wconf 83' lang='lat' dir='ltr'>bus</span> <span class='ocrx_word' id='word_1_217' title='bbox 144 3362 320 3434; x_wconf 81' lang='lat' dir='ltr'>Hadrianeia,</span> <span class='ocrx_word' id='word_1_218' title='bbox 348 3365 438 3433; x_wconf 86' lang='lat' dir='ltr'>qualis</span> <span class='ocrx_word' id='word_1_219' title='bbox 455 3364 568 3418; x_wconf 81' lang='lat' dir='ltr'>Athenis</span> <span class='ocrx_word' id='word_1_220' title='bbox 596 3364 677 3417; x_wconf 89' lang='lat' dir='ltr'>fuisse</span> <span class='ocrx_word' id='word_1_221' title='bbox 696 3368 725 3417; x_wconf 89' lang='lat' dir='ltr'>et</span> <span class='ocrx_word' id='word_1_222' title='bbox 742 3363 873 3432; x_wconf 82' lang='lat' dir='ltr'>Smyrnae</span> <span class='ocrx_word' id='word_1_223' title='bbox 893 3367 1016 3426; x_wconf 87' lang='lat' dir='ltr'>constat,</span> <span class='ocrx_word' id='word_1_224' title='bbox 1041 3363 1158 3433; x_wconf 83' lang='lat' dir='ltr'>Smyrna</span> 
     </span>
     <span class='ocr_line' id='line_1_28' title="bbox 64 3463 1158 3535; baseline -0.002 -16"><span class='ocrx_word' id='word_1_225' title='bbox 64 3464 143 3519; x_wconf 87' lang='lat' dir='ltr'>enim</span> <span class='ocrx_word' id='word_1_226' title='bbox 162 3467 194 3517; x_wconf 90' lang='lat' dir='ltr'>ut</span> <span class='ocrx_word' id='word_1_227' title='bbox 211 3463 325 3518; x_wconf 80' lang='lat' dir='ltr'>Athenis</span> <span class='ocrx_word' id='word_1_228' title='bbox 344 3464 497 3520; x_wconf 86' lang='lat' dir='ltr'>Hadrianus</span> <span class='ocrx_word' id='word_1_229' title='bbox 515 3464 569 3518; x_wconf 87' lang='lat' dir='ltr'>fuit</span> <span class='ocrx_word' id='word_1_230' title='bbox 584 3463 732 3535; x_wconf 75' lang='grc' dir='ltr'><strong><em>Ὀλύμπιος</em></strong></span> <span class='ocrx_word' id='word_1_231' title='bbox 751 3465 787 3530; x_wconf 84' lang='lat' dir='ltr'>(v.</span> <span class='ocrx_word' id='word_1_232' title='bbox 806 3479 847 3518; x_wconf 89' lang='lat' dir='ltr'>nr.</span> <span class='ocrx_word' id='word_1_233' title='bbox 861 3465 953 3533; x_wconf 87' lang='grc'><strong>3174).</strong></span> <span class='ocrx_word' id='word_1_234' title='bbox 989 3463 1077 3533; x_wconf 85' lang='lat' dir='ltr'>Hujus</span> <span class='ocrx_word' id='word_1_235' title='bbox 1095 3482 1158 3519; x_wconf 91' lang='lat' dir='ltr'>con-</span> 
     </span>
     <span class='ocr_line' id='line_1_29' title="bbox 64 3563 1015 3634; baseline -0.002 -16"><span class='ocrx_word' id='word_1_236' title='bbox 64 3563 217 3618; x_wconf 88' lang='lat' dir='ltr'>stitutionis</span> <span class='ocrx_word' id='word_1_237' title='bbox 236 3564 392 3633; x_wconf 88' lang='lat' dir='ltr'>exemplum</span> <span class='ocrx_word' id='word_1_238' title='bbox 409 3564 445 3619; x_wconf 87' lang='lat' dir='ltr'>ab</span> <span class='ocrx_word' id='word_1_239' title='bbox 463 3565 582 3619; x_wconf 83' lang='lat' dir='ltr'>Antonio</span> <span class='ocrx_word' id='word_1_240' title='bbox 599 3564 649 3629; x_wconf 85' lang='lat' dir='ltr'>Pio</span> <span class='ocrx_word' id='word_1_241' title='bbox 667 3568 764 3634; x_wconf 89' lang='lat' dir='ltr'>petunt</span> <span class='ocrx_word' id='word_1_242' title='bbox 782 3563 1015 3632; x_wconf 85' lang='lat' dir='ltr'>Smyrnaeenses.“</span> 
     </span>
    </p>

    <p class='ocr_par' dir='ltr' id='par_1_12' title="bbox 64 3655 1158 3834">
     <span class='ocr_line' id='line_1_30' title="bbox 140 3655 1158 3732; baseline -0.001 -15"><span class='ocrx_word' id='word_1_243' title='bbox 140 3663 169 3731; x_wconf 85' lang='grc'>6)</span> <span class='ocrx_word' id='word_1_244' title='bbox 187 3663 316 3720; x_wconf 79' lang='lat' dir='ltr'>Philostr.</span> <span class='ocrx_word' id='word_1_245' title='bbox 340 3665 368 3717; x_wconf 67' lang='lat' dir='ltr'>ia</span> <span class='ocrx_word' id='word_1_246' title='bbox 401 3663 453 3717; x_wconf 73' lang='lat' dir='ltr'>onir</span> <span class='ocrx_word' id='word_1_247' title='bbox 477 3667 513 3724; x_wconf 72' lang='grc' dir='ltr'>εἰς</span> <span class='ocrx_word' id='word_1_248' title='bbox 539 3664 585 3716; x_wconf 75' lang='grc' dir='ltr'>τὸν</span> <span class='ocrx_word' id='word_1_249' title='bbox 615 3664 720 3716; x_wconf 71' lang='lat' dir='ltr'>Tnario</span> <span class='ocrx_word' id='word_1_250' title='bbox 741 3661 851 3717; x_wconf 78' lang='grc' dir='ltr'>Ἀπολλ.</span> <span class='ocrx_word' id='word_1_251' title='bbox 865 3655 904 3716; x_wconf 61' lang='grc' dir='ltr'><em>Ἰ</em></span> <span class='ocrx_word' id='word_1_252' title='bbox 923 3663 956 3719; x_wconf 85' lang='lat' dir='ltr'>V.</span> <span class='ocrx_word' id='word_1_253' title='bbox 980 3680 1009 3732; x_wconf 88' lang='lat' dir='ltr'>p.</span> <span class='ocrx_word' id='word_1_254' title='bbox 1034 3663 1079 3718; x_wconf 87' lang='lat'>66.</span> <span class='ocrx_word' id='word_1_255' title='bbox 1115 3662 1158 3717; x_wconf 87' lang='lat' dir='ltr'>ed.</span> 
     </span>
     <span class='ocr_line' id='line_1_31' title="bbox 64 3765 182 3834; baseline 0 -15"><span class='ocrx_word' id='word_1_256' title='bbox 64 3765 182 3834; x_wconf 81' lang='lat' dir='ltr'>Kayser.</span> 
     </span>
    </p>

    <p class='ocr_par' dir='ltr' id='par_1_13' title="bbox 52 3841 1161 4237">
     <span class='ocr_line' id='line_1_32' title="bbox 141 3860 1157 3934; baseline -0.002 -16"><span class='ocrx_word' id='word_1_257' title='bbox 141 3863 170 3932; x_wconf 89' lang='grc'>7)</span> <span class='ocrx_word' id='word_1_258' title='bbox 189 3865 231 3918; x_wconf 85' lang='lat' dir='ltr'>De</span> <span class='ocrx_word' id='word_1_259' title='bbox 256 3864 393 3920; x_wconf 81' lang='lat' dir='ltr'>discordia</span> <span class='ocrx_word' id='word_1_260' title='bbox 410 3863 619 3934; x_wconf 88' lang='lat' dir='ltr'>Smyrnaeorum</span> <span class='ocrx_word' id='word_1_261' title='bbox 644 3863 679 3919; x_wconf 79' lang='lat' dir='ltr'>cf.</span> <span class='ocrx_word' id='word_1_262' title='bbox 698 3861 826 3917; x_wconf 91' lang='lat' dir='ltr'>Philostr.</span> <span class='ocrx_word' id='word_1_263' title='bbox 839 3863 899 3917; x_wconf 67' lang='lat' dir='ltr'>uit.</span> <span class='ocrx_word' id='word_1_264' title='bbox 919 3860 1039 3932; x_wconf 85' lang='lat' dir='ltr'>Sophist.</span> <span class='ocrx_word' id='word_1_265' title='bbox 1058 3877 1086 3931; x_wconf 86' lang='lat' dir='ltr'>p.</span> <span class='ocrx_word' id='word_1_266' title='bbox 1104 3865 1157 3916; x_wconf 74' lang='lat'>227</span> 
     </span>
     <span class='ocr_line' id='line_1_33' title="bbox 52 3960 1158 4035; baseline -0.005 -16"><span class='ocrx_word' id='word_1_267' title='bbox 52 3965 111 4021; x_wconf 75' lang='lat' dir='ltr'>od.</span> <span class='ocrx_word' id='word_1_268' title='bbox 129 3964 247 4034; x_wconf 84' lang='lat' dir='ltr'>Kayser:</span> <span class='ocrx_word' id='word_1_269' title='bbox 269 3965 402 4035; x_wconf 74' lang='grc' dir='ltr'><strong><em>Πολέμων</em></strong></span> <span class='ocrx_word' id='word_1_270' title='bbox 420 3960 436 4017; x_wconf 75' lang='grc' dir='ltr'><strong><em>ὃ</em></strong></span> <span class='ocrx_word' id='word_1_271' title='bbox 454 3962 578 4033; x_wconf 70' lang='grc' dir='ltr'><strong><em>σοφιστὴς</em></strong></span> <span class='ocrx_word' id='word_1_272' title='bbox 598 4006 604 4019; x_wconf 94' lang='grc'><strong>.</strong></span> <span class='ocrx_word' id='word_1_273' title='bbox 623 4004 694 4018; x_wconf 91' lang='grc'><strong>....</strong></span> <span class='ocrx_word' id='word_1_274' title='bbox 712 3963 900 4024; x_wconf 68' lang='grc' dir='ltr'><strong><em>ἰνσποοδάζων</em></strong></span> <span class='ocrx_word' id='word_1_275' title='bbox 920 3961 948 4035; x_wconf 74' lang='grc' dir='ltr'>τῇ</span> <span class='ocrx_word' id='word_1_276' title='bbox 966 3961 1080 4033; x_wconf 70' lang='grc' dir='ltr'><strong><em>Σμύρνῃ</em></strong></span> <span class='ocrx_word' id='word_1_277' title='bbox 1097 3960 1158 4013; x_wconf 75' lang='lat' dir='ltr'>adds</span> 
     </span>
     <span class='ocr_line' id='line_1_34' title="bbox 64 4061 1159 4135; baseline -0.004 -17"><span class='ocrx_word' id='word_1_278' title='bbox 64 4063 149 4130; x_wconf 68' lang='grc' dir='ltr'><strong><em>αὐτὴν</em></strong></span> <span class='ocrx_word' id='word_1_279' title='bbox 167 4063 267 4130; x_wconf 71' lang='grc' dir='ltr'><strong><em>ὄνησιν</em></strong></span> <span class='ocrx_word' id='word_1_280' title='bbox 286 4080 326 4118; x_wconf 81' lang='grc'>.·.</span> <span class='ocrx_word' id='word_1_281' title='bbox 354 4104 360 4118; x_wconf 94' lang='grc'><strong>.</strong></span> <span class='ocrx_word' id='word_1_282' title='bbox 384 4104 390 4118; x_wconf 94' lang='grc'><strong>.</strong></span> <span class='ocrx_word' id='word_1_283' title='bbox 417 4064 615 4135; x_wconf 70' lang='grc' dir='ltr'><strong><em>,ὁμονοοῦσαν</em></strong></span> <span class='ocrx_word' id='word_1_284' title='bbox 633 4062 679 4116; x_wconf 69' lang='grc' dir='ltr'>κοῒ</span> <span class='ocrx_word' id='word_1_285' title='bbox 697 4061 869 4116; x_wconf 70' lang='grc' dir='ltr'>ἀστασίαστον</span> <span class='ocrx_word' id='word_1_286' title='bbox 887 4103 1001 4119; x_wconf 86' lang='grc'><strong>.....</strong></span> <span class='ocrx_word' id='word_1_287' title='bbox 1020 4061 1088 4133; x_wconf 78' lang='grc' dir='ltr'><strong><em>πρὸς</em></strong></span> <span class='ocrx_word' id='word_1_288' title='bbox 1105 4065 1159 4122; x_wconf 77' lang='grc' dir='ltr'><strong><em>τοῖς</em></strong></span> 
     </span>
     <span class='ocr_line' id='line_1_35' title="bbox 62 4163 1161 4237; baseline -0.004 -17"><span class='ocrx_word' id='word_1_289' title='bbox 62 4166 161 4230; x_wconf 40' lang='grc' dir='ltr'>,ἄλλοις</span> <span class='ocrx_word' id='word_1_290' title='bbox 189 4163 269 4230; x_wconf 70' lang='grc' dir='ltr'><strong><em>αὐτὴν</em></strong></span> <span class='ocrx_word' id='word_1_291' title='bbox 292 4166 437 4218; x_wconf 63' lang='lat' dir='ltr'>robustiora</span> <span class='ocrx_word' id='word_1_292' title='bbox 461 4165 574 4226; x_wconf 66' lang='lat' dir='ltr'>Marus</span> <span class='ocrx_word' id='word_1_293' title='bbox 597 4164 640 4218; x_wconf 70' lang='lat' dir='ltr'>rib</span> <span class='ocrx_word' id='word_1_294' title='bbox 664 4164 719 4237; x_wconf 73' lang='grc' dir='ltr'>γὰρ</span> <span class='ocrx_word' id='word_1_295' title='bbox 748 4163 802 4234; x_wconf 79' lang='grc' dir='ltr'>πρὸ</span> <span class='ocrx_word' id='word_1_296' title='bbox 821 4163 866 4216; x_wconf 75' lang='grc' dir='ltr'>τοῦ</span> <span class='ocrx_word' id='word_1_297' title='bbox 885 4166 989 4235; x_wconf 77' lang='grc' dir='ltr'><strong><em>χρόνον</em></strong></span> <span class='ocrx_word' id='word_1_298' title='bbox 1014 4165 1161 4224; x_wconf 71' lang='grc' dir='ltr'><strong><em>ἔστασίαζέν</em></strong></span> 
     </span>
    </p>
   </div>
   <div class='ocr_carea' id='block_1_6' title="bbox 0 0 1377 4950">
    <p class='ocr_par' dir='ltr' id='par_1_14' title="bbox 0 0 1377 4950">
     <span class='ocr_line' id='line_1_36' title="bbox 0 0 1377 4950; baseline 0 0"><span class='ocrx_word' id='word_1_299' title='bbox 0 0 1377 4950; x_wconf 95' lang='lat' dir='ltr'> </span> 
     </span>
    </p>
   </div>
  </div>
 </body>
</html>
