2724 4950
722 282 765 351 lo

280 452 353 529 Qua
377 456 484 521 aetate
506 454 625 521 Acolerr
655 456 699 521 ab
720 456 858 523 Ionibus
880 456 967 541 pulsi
989 458 1066 533 sint,
1088 478 1287 541 quamquam

195 573 285 633 certo
298 570 496 635 constituere
511 592 581 635 non
593 593 776 655 possumus,
798 594 874 635 cum
897 572 981 635 nihil
1002 573 1043 637 de
1064 594 1103 637 ea
1126 572 1284 637 traditum

194 685 255 759 ait,
288 688 399 751 tamen
419 686 531 770 paullo
553 690 630 771 post
650 684 824 770 Smyrnam
845 687 888 751 ab
909 687 1047 751 Ionibus
1067 689 1230 755 conditam
1251 689 1286 752 id

194 800 318 865 factum
348 823 417 865 esso
448 802 589 867 maxime
617 801 795 866 verisimile
816 808 883 875 eat,
913 806 1012 885 atque
1033 824 1071 869 ea
1092 803 1157 867 fnit
1176 825 1286 881 musa,

194 940 252 985 cnr
273 920 308 982 et
329 917 515 983 Herodotus
537 918 671 983 omnino
692 919 861 1003 ignoraret
874 919 916 1001 ¹),
940 916 1113 1002 Smyrnam
1133 921 1177 985 ab
1197 919 1289 989 loni-

195 1034 256 1098 bus
284 1055 354 1098 ease
375 1034 556 1109 conditam,
586 1036 620 1097 et
641 1055 699 1099 cur
720 1031 861 1117 Smyrna
881 1056 950 1099 non
971 1036 1155 1121 antiquitus
1172 1036 1287 1103 lonico

194 1149 317 1215 foederi
346 1149 509 1233 adscripta
536 1152 641 1224 esset,
671 1150 728 1215 sed
758 1154 871 1233 postea
893 1150 1022 1215 demum
1045 1152 1081 1215 in
1102 1152 1135 1216 id
1155 1157 1288 1237 recepta

194 1265 255 1343 sit,
278 1268 452 1349 postquam
473 1265 580 1329 denuo
603 1265 738 1329 ionibus
760 1269 811 1331 est
830 1266 966 1331 reddita.

281 1379 398 1465 Neque
439 1381 673 1466 negligendum
713 1382 750 1447 in
785 1381 944 1447 Herodoti
985 1383 1174 1447 narratione
1220 1386 1284 1461 est,

194 1497 323 1564 etiamsi
343 1498 417 1563 dolo
441 1498 536 1563 Iones
558 1498 752 1583 Colophonii
773 1498 887 1563 urbem
910 1499 1152 1582 occupaverint,
1171 1502 1287 1565 &meu

194 1614 313 1679 Aeolea
341 1614 407 1677 illis
427 1635 501 1679 eam
522 1614 730 1691 concessisse,
763 1614 796 1679 id
815 1614 901 1698 quod
924 1635 990 1679 non
1012 1613 1158 1677 futurum
1180 1613 1280 1679 fuisse

194 1734 345 1815 apparet,
380 1732 443 1796 nisi
475 1731 616 1815 quodam
643 1732 717 1817 jure
746 1732 859 1797 urbem
890 1732 980 1796 illum
1003 1754 1095 1797 snam
1116 1732 1279 1797 vindicare

195 1848 379 1932 potuissent
391 1846 426 1931 ²).

280 1961 420 2027 Etiamsi
454 1984 530 2027 vero
554 1960 712 2028 Herodoti
746 1962 837 2027 locus
867 1964 929 2041 eia,
962 1985 1046 2051 quae
1074 1984 1095 2026 a
1124 1961 1285 2029 Strabone

193 2079 315 2145 tradita
336 2101 405 2145 esse
427 2099 525 2162 supra
551 2078 712 2155 diximus,
732 2100 916 2163 repugnare
938 2079 1075 2156 videtur,
1096 2078 1202 2143 nihilo
1222 2081 1286 2145 mi·

193 2216 256 2261 nna
289 2195 374 2261 alter
402 2195 538 2261 alterius
565 2194 762 2259 sententiam
784 2194 965 2258 confirmat.
1012 2193 1047 2259 Si
1069 2196 1155 2259 enim
1178 2194 1286 2261 Hero-

193 2311 270 2377 doto
292 2315 407 2377 notum
429 2311 561 2389 fuisset,
584 2311 626 2376 ab
647 2310 784 2375 Ionibus
805 2310 956 2395 Ephesiis
977 2309 1149 2395 Smyrnam
1171 2312 1286 2377 condi·

192 2434 261 2491 tam
292 2449 377 2505 csse,
412 2427 446 2492 id
477 2427 565 2516 quod
591 2426 687 2493 facile
715 2427 881 2493 oblivione
911 2427 1007 2492 obrui
1028 2432 1174 2512 poterat,
1207 2448 1283 2493 cum

194 2542 304 2626 paullo
328 2547 403 2628 post
424 2542 543 2608 Aeoles
566 2544 678 2609 urbem
701 2548 915 2629 occuparent,
938 2566 977 2609 ca
997 2567 1081 2634 quae
1103 2544 1158 2608 ille
1180 2545 1284 2611 tradit

193 2679 267 2723 cum
288 2657 449 2725 Strabone
472 2683 604 2746 prorsus
626 2664 853 2747 congruerent.

280 2773 356 2841 Jem
379 2796 456 2839 vero
470 2774 745 2841 Pseudoherodoti
756 2774 784 2859 ³)
806 2776 1002 2840 sententiam
1018 2778 1120 2840 restat
1131 2779 1168 2840 ut
1181 2776 1285 2860 respi-

192 2890 332 2967 ciamus,
359 2892 416 2974 qui
438 2889 609 2977 Smyrnam
631 2890 739 2957 xvffl
759 2892 856 2955 annis
879 2894 954 2976 post
974 2890 1097 2974 Cymen
1115 2891 1284 2957 Aeolicam

193 3010 227 3071 et
256 3007 391 3072 eandem
413 3007 455 3071 ab
479 3007 635 3073 Aeolibns
658 3009 823 3074 conditam
844 3030 913 3073 esse
937 3008 1017 3072 dicit
1027 3008 1054 3094 ⁴)
1077 3012 1175 3092 atque
1198 3007 1284 3073 The-

192 3144 279 3188 seum
305 3122 503 3202 Thessalum,
528 3147 567 3188 ex
589 3124 725 3188 Euniaei
752 3124 853 3209 stripe
883 3124 1073 3200 oriundum,
1105 3123 1195 3187 urbis
1224 3144 1283 3186 au·

192 3242 313 3303 ctorem
338 3241 500 3317 nominat,
524 3262 621 3324 quam
645 3262 685 3304 ex
708 3240 838 3304 nomine
859 3240 1008 3325 conjugis
1030 3236 1202 3324 Smyrnam
1224 3260 1283 3323 ap-

192 3354 370 3439 pellaverit.

278 3474 381 3547 cuam
413 3470 600 3556 opinionem
631 3471 746 3537 falsam
778 3494 848 3537 esse
881 3472 1003 3557 optime
1036 3492 1280 3557 cognoscemus,

266 3773 291 3839 1)
311 3769 346 3826 cf.
364 3770 482 3841 Miller,
499 3770 603 3842 griooh.
622 3766 901 3841 Literaturgeach.1,
919 3785 948 3836 p.
967 3768 1012 3823 73.

263 3880 290 3947 2)
309 3877 345 3932 cs.
362 3878 450 3933 Raoul
466 3879 601 3934 Rochette
625 3878 689 3933 hist.
715 3877 763 3931 dea
791 3876 912 3931 colonica
938 3892 1069 3945 greoquea
1085 3880 1155 3931 tom.
1170 3875 1226 3937 111,
1253 3896 1282 3947 p.

192 3979 226 4033 99
244 3995 284 4047 aq.
303 3982 331 4032 et
347 3979 427 4033 Porta
446 3978 651 4050 Colophoniece
667 3996 696 4048 p.
715 3980 760 4033 31.

264 4085 292 4154 Β)
310 4084 366 4141 Vit.
384 4085 466 4141 Hom.
484 4086 521 4140 Π.

262 4192 291 4261 4)
308 4191 343 4248 cf.
362 4193 433 4250 vell.
452 4193 560 4248 Patere.
578 4192 608 4256 I,
627 4195 645 4246 4
664 4197 693 4247 ct
710 4193 792 4247 Hom.
810 4192 898 4263 epigr.
916 4195 943 4246 4.
