2724 4950
679 431 721 493 38

162 602 377 683 suparatum,
411 621 475 684 quo
497 601 566 665 nixi
588 623 717 667 omnem
738 602 829 666 illam
860 601 1027 685 regionem
1050 601 1121 686 regi
1144 622 1250 665 serva·

163 716 236 780 rent
249 715 283 799 ¹).

169 862 172 867 ·
249 828 330 895 eum
352 829 467 894 deinde
489 831 633 896 nonullis
654 834 749 898 annis
771 835 846 918 post
858 832 982 898 bellum
1003 833 1090 897 inter
1101 831 1253 898 Attalum

164 944 180 1009 I
204 943 356 1030 Pergami
384 965 491 1028 regem
513 947 611 1029 atque
635 944 802 1011 Achaeum
817 946 843 1032 ²)
877 947 1098 1012 exardesceret
1119 969 1147 1012 a.
1175 949 1253 1027 222,

163 1081 274 1125 ornnes
299 1060 397 1125 urbes
426 1060 579 1126 Aeolicae
610 1064 643 1126 et
673 1084 754 1146 quae
787 1063 913 1128 vicinae
940 1065 1047 1142 erant,
1082 1065 1169 1129 inter
1198 1085 1254 1131 eas

162 1175 312 1262 Smyma‚
333 1176 464 1242 Achaeo
486 1199 519 1242 se
541 1178 758 1256 tradiderunt,
789 1200 885 1263 quem
908 1199 1019 1244 omnes
1041 1179 1086 1245 cis
1108 1178 1255 1246 Taurum

164 1293 351 1361 habitantes
373 1295 519 1360 timuisse
541 1295 698 1380 Polybius
720 1297 833 1360 auctor
856 1296 905 1360 est
918 1292 954 1378 ³).

250 1408 314 1476 Sed
335 1431 407 1476 cum
429 1409 580 1478 Achaeus
603 1414 717 1476 contra
738 1411 906 1498 Selgenses
933 1433 968 1476 se
989 1407 1254 1494 convertissem),

163 1526 296 1592 Attalus
318 1526 380 1591 hac
399 1528 567 1593 occasione
588 1550 664 1592 usus
687 1531 800 1593 contra
823 1550 876 1593 eas
898 1528 995 1592 urbes
1017 1524 1255 1611 profectusest,

164 1663 247 1732 quae
273 1642 397 1728 primae
420 1642 554 1708 Achaeo
584 1665 617 1707 se
639 1643 842 1721 dediderant,
878 1664 1010 1727 quarum
1035 1662 1157 1726 paucae
1178 1641 1256 1705 tan·

163 1761 236 1824 tum
258 1758 291 1823 vi
311 1761 426 1843 captae
449 1759 607 1844 plurimae
629 1761 746 1844 sponte
767 1759 906 1824 traditae
928 1759 1018 1834 runt3
1048 1777 1114 1841 quo
1134 1756 1172 1820 in
1193 1776 1257 1820 nn-

164 1894 253 1940 mero
271 1871 446 1958 ¹Smyrnaei
475 1896 604 1959 qnoque
627 1877 738 1952 erant,
769 1875 826 1959 qui
856 1877 985 1960 praeter
1015 1895 1126 1939 omnes
1148 1871 1256 1936 fideli·

163 1991 264 2054 tatem
287 1990 316 2054 ei
338 1993 556 2055 servaverunt.
610 1989 713 2066 Quam
741 1990 783 2056 ob
806 2013 875 2056 rem
897 1989 1028 2055 Attalus
1058 1988 1254 2054 amicissime

163 2103 287 2189 legatos
308 2103 558 2189 Smyrnaeorum
579 2105 705 2191 accepit
729 2104 753 2189 ).

540 2406 876 2417 m

688 2730 738 2811 V.

253 2955 405 3025 Nonullis
427 2958 521 3024 annis
543 2959 618 3044 post
638 2957 724 3022 circa
746 2978 774 3021 a.
800 2957 861 3022 197
885 2978 913 3021 a.
937 2955 971 3022 C.
996 2956 1179 3025 Antiochus
1187 2959 1254 3040 III,

166 3073 292 3143 Seleuci
313 3076 409 3152 filius,
432 3074 538 3140 Media
560 3096 598 3139 ac
619 3073 757 3139 Parthia
778 3072 913 3158 aliisque
936 3074 1047 3153 terris,
1070 3096 1153 3159 quae
1176 3078 1254 3141 anto

166 3210 240 3256 eum
261 3190 476 3268 desciverant,
508 3190 543 3253 in
565 3190 723 3254 ditionem
744 3189 883 3254 redactis
907 3188 1045 3272 aliisque
1067 3189 1180 3254 multis
1202 3210 1256 3256 re·

167 3304 228 3369 bus
250 3303 412 3390 praeclare
442 3304 560 3390 gestis,
592 3307 707 3370 contra
729 3303 847 3370 Aeoles
880 3306 978 3390 atque
1000 3305 1096 3370 Iones
1124 3306 1256 3392 expedi·

167 3419 290 3486 tionem
311 3419 461 3505 suscepit
516 3419 717 3487 Exhortatus
739 3443 794 3487 eos
816 3424 880 3501 est,
905 3423 1055 3500 ut‚·cum
1077 3418 1176 3487 Asiae
1199 3421 1257 3487 do·

242 3727 491 3799 Halala

240 3829 269 3900 2)
286 3829 423 3887 Antiocho
440 3830 481 3887 III
499 3835 560 3886 erat
577 3834 710 3903 cognatus
728 3828 774 3898 (cl.
792 3828 891 3899 Polyb.
908 3829 955 3893 lv,
975 3829 1037 3898 48),
1055 3845 1072 3884 1
1088 3846 1143 3898 quo
1160 3835 1259 3900 postea

168 3931 204 4002 (1.
223 3933 288 4001 217)
315 3931 444 4003 dmciyit3
475 3951 501 3988 1.
527 3931 703 4003 2141111111
730 3935 758 3986 ct
782 3930 940 3985 interfectus
968 3933 1019 3984 est
1067 3927 1165 3999 Polyb.
1183 3929 1259 3996 vm,

170 4034 286 4090 17-28.

240 4135 269 4205 8)
285 4133 381 4204 Polyb.
399 4132 438 4202 V,
457 4135 501 4187 77.

163 4222 167 4229 “
241 4233 575 4306 4)1²015b.v,77,15.

238 4330 267 4404 δ)
284 4330 363 4388 Idem
381 4332 401 4389 l.
419 4349 444 4391 c.
